2974 5222
290 707 331 748 ml
351 707 392 748 RE
413 705 557 748 rOerICA
578 707 612 747 IN
634 705 800 748 Altonninir
950 697 985 748 67

87 842 213 917 peotos
241 839 360 897 babere
379 835 507 914 aequum
534 839 594 907 est,
623 853 641 895 o
671 833 757 906 Reus
776 839 808 896 et
836 839 863 896 si
888 839 986 898 auxie

90 971 162 1031 pro
181 955 329 1028 cognatis
351 953 419 1012 suis
435 955 540 1022 orant,
556 953 788 1028 propemodum
804 953 913 1012 hostes
927 953 947 1009 ¹.
971 973 985 1008 »

143 1071 222 1130 Haec
236 1069 380 1129 Riobeiio
403 1069 565 1144 placuisse
587 1073 619 1130 et
634 1069 773 1129 libenter
797 1069 939 1141 credam,
957 1074 988 1131 et

92 1201 147 1247 ex
173 1184 347 1246 annalibus
373 1186 512 1244 constat.
547 1183 691 1244 Cleobuii
721 1186 915 1246 sententiam
947 1187 986 1246 de

95 1299 237 1360 arcibus
265 1280 450 1360 evertendis
472 1299 500 1359 ei
526 1316 590 1359 non
610 1299 716 1359 minus
744 1301 905 1375 placuisse
921 1302 989 1362 resa

94 1419 193 1478 tatur
236 1414 482 1474 celeberrimum
518 1415 658 1474 edictum
697 1423 782 1475 anno
819 1416 989 1476 millesimo

97 1528 343 1590 sexcentesimo
370 1529 525 1588 vicesimo
547 1530 641 1588 sexto
661 1529 991 1606 promulgatamquo

100 1646 259 1720 pleraque
283 1659 339 1719 per
354 1643 493 1702 Galliam
510 1644 643 1703 castella
657 1642 805 1704 funditus
826 1646 929 1705 everti
938 1647 992 1720 ju·

102 1759 256 1820 bebatur.
286 1758 354 1818 lmo
388 1757 529 1832 Cleobuii
562 1760 677 1829 orati0,
703 1759 807 1834 quoad
835 1761 874 1818 ad
899 1777 992 1820 arces

104 1875 280 1952 pertineat,
309 1891 374 1934 uon
402 1875 533 1934 omuino
557 1875 692 1956 indigna
717 1873 842 1933 ridetur
869 1889 940 1948 quae
957 1876 989 1933 in

19 2029 23 2038 ,
102 1991 247 2052 concilio
275 1990 387 2050 habita
417 1989 514 2050 fuerit
540 1991 625 2067 quod
646 1990 759 2050 eodem
778 2005 864 2050 anno
888 1990 994 2049 Ludo·

105 2106 204 2164 vicus
217 2102 349 2164 Tertius
359 2103 512 2164 Decimus
526 2106 817 2174 convocaverat,ut
825 2085 922 2164 rebus
938 2122 995 2179 pu-

104 2220 202 2280 blicis
241 2219 427 2286 consuleret
446 2218 471 2280 ¹.
500 2218 587 2282 Nibil
620 2219 682 2278 bac
715 2219 835 2294 pagina
868 2219 993 2293 signifi-

106 2335 250 2404 cantius,
292 2312 389 2412 quam
424 2336 584 2408 integram
621 2333 853 2403 transcribere,
887 2351 995 2410 operae

107 2451 339 2529 pretiumest:

153 2591 166 2622 ‹
180 2568 240 2628 Tot
255 2568 402 2644 equidem
416 2583 521 2639 arces
535 2568 562 2628 si
577 2568 863 2630 noninoommodae
873 2573 995 2642 essent,

109 2683 168 2744 sed
181 2683 343 2743 duntaxat
358 2683 502 2755 inutiles
526 2685 635 2744 tamen
656 2687 758 2746 everti
780 2673 995 2747 consulerem.
1034 2674 1038 2680 ’

108 2797 206 2858 Nunc
222 2815 319 2874 quum
335 2801 376 2858 ad
405 2813 518 2860 earum
548 2799 728 2859 custodiam
742 2803 774 2861 et
791 2805 949 2886 sumptus,
967 2803 999 2862 et

109 2912 267 2990 pericula,
289 2914 321 2972 et
344 2912 535 2988 pierumque
562 2914 722 2988 pernicies
749 2916 895 2985 accedat,
922 2916 997 2991 quid

112 3029 155 3088 ad
180 3029 292 3088 nostra
316 3028 428 3104 utique
444 3028 562 3088 damna
588 3029 706 3088 misere
735 3028 901 3101 obstinati,
926 3029 999 3087 ilias

110 3141 235 3202 diutius
264 3157 444 3213 servamus
472 3145 528 3202 ant
556 3143 589 3201 in
617 3159 697 3220 quos
724 3143 863 3218 denique
890 3143 1000 3202 hostes

111 3257 313 3318 arbitramur
328 3258 512 3318 valituras?
526 3257 562 3318 In
587 3262 752 3328 externos,
774 3275 815 3318 an
836 3273 914 3318 vero
941 3275 1001 3333 po-

114 3373 246 3448 pulares
257 3373 272 3432 ‘l
285 3369 385 3450 'Atqui
395 3375 523 3437 externi
537 3376 575 3434 iis
592 3377 670 3435 satis
686 3375 904 3436 excluduntur
919 3389 1000 3450 quas

154 3663 162 3692 ¹
176 3669 201 3717 J.
216 3670 343 3720 Baaccau
357 3668 473 3736 Argenta.
494 3671 550 3720 Lib.
568 3671 615 3730 111,
637 3689 658 3722 c.
673 3681 697 3722 l.

151 3735 321 3790 ’Assembleo
333 3741 377 3790 des
392 3741 504 3791 notabies
519 3743 549 3790 de
567 3743 645 3794 Paris
