2974 5222
204 732 250 779 DE
265 729 631 788 raaUtn,·oit1¹1msoxls‚
648 733 689 775 ull
701 733 797 777 STYLO
811 736 984 780 raedarius
1003 728 1033 778 91

132 865 628 931 toresessevidentu1·.ltoum
638 863 877 924 causidicorum
887 866 957 926 vioe
968 866 1037 926 l'un·

136 986 275 1061 guntur
285 983 481 1054 etmaguam
497 980 618 1054 ingenii
635 980 684 1039 sui
698 982 829 1040 movent
844 981 1037 1042 admiratio-

137 1115 239 1168 nem,
250 1096 474 1158 sesehomines
482 1094 628 1181 praehere
641 1095 775 1156 minime
785 1100 913 1166 curant,
925 1101 957 1159 et
967 1089 1037 1174 q'ul-

139 1218 226 1278 dem
236 1217 430 1290 cotempore
440 1227 503 1288 quo
518 1210 708 1271 iiomnesde
718 1211 834 1287 quihus
846 1215 1036 1275 memoriam

140 1313 1036 1409 accepimuspnaximelrominesluisseconstatEtenim

143 1448 231 1525 quid
246 1449 282 1520 iu
301 1444 474 1505 Poliarcho
494 1443 637 1504 hominis
656 1447 729 1505 esti
748 1445 910 1519 Quantum
936 1449 1036 1509 distat

143 1563 194 1624 ab
209 1558 265 1620 illo
279 1559 656 1635 Bearnan0,rege,quus
671 1562 709 1622 ad
724 1565 893 1640 exemplar
906 1565 1036 1640 excogi-

144 1680 243 1738 tatus
267 1674 426 1743 liabetur,
449 1673 502 1748 qui
524 1673 605 1734 nihil
628 1677 755 1739 dicebat
772 1680 952 1742 iaciebatve
973 1699 1035 1759 quo

145 1811 219 1854 non
243 1791 417 1861 sevirum,
439 1793 472 1850 et
490 1791 608 1864 virum,
632 1794 665 1851 et
680 1809 790 1866 regem
810 1812 881 1856 esse
904 1800 1037 1857 testare·
1084 1865 1088 1872 ,

142 1907 223 1972 tur!
242 1907 323 1982 Quid
339 1908 440 1968 rel'ert
457 1908 541 1983 quod
558 1910 710 1970 omnihus
724 1911 899 1972 virtutibus
915 1910 1036 1986 praedi-

146 2025 205 2083 tus
225 2025 279 2093 sit,
296 2023 448 2098 vitiisque
470 2008 581 2084 careat
601 2022 805 2090 Poliarchus,
822 2022 849 2080 si
871 2021 952 2081 nihil
973 2022 1035 2081 nisi

147 2139 277 2215 species
307 2140 454 2214 quaedam
487 2139 589 2199 oculis
617 2138 808 2214 subjicitur?
840 2137 921 2211 Quid
951 2139 1036 2214 quod

150 2254 355 2316 Radirobani
380 2259 437 2316 aut
463 2256 628 2332 Lyoogeni
660 2255 746 2314 mala
773 2253 900 2314 abunde
926 2255 1036 2315 omnia

150 2372 229 2441 sint,
254 2387 351 2447 quum
378 2370 537 2444 ligneolae
565 2369 731 2430 hominum
758 2370 880 2445 figuras
899 2372 1036 2432 velutin

148 2502 249 2548 scena
263 2488 389 2547 tantum
398 2487 517 2562 exponi
530 2485 745 2559 intelligatur?
754 2483 835 2558 Quid
847 2487 886 2547 de
898 2486 1039 2547 Melean-

149 2604 211 2663 dro
236 2603 289 2679 qui
310 2603 414 2678 magis
438 2602 561 2663 comico
581 2595 666 2678 patri
687 2604 828 2673 cuidam,
859 2620 954 2680 quam
983 2604 1035 2665 vel

150 2719 312 2780 imbecillo
327 2721 469 2796 tyranno
486 2719 614 2788 similis,
643 2736 772 2797 semper
791 2739 853 2798 quo
868 2738 902 2783 se
928 2719 1049 2784 vertat

141 2837 264 2927 nescit,
278 2840 310 2896 et
326 2838 433 2912 potius
460 2836 586 2896 Prusiae
608 2838 695 2910 regis
722 2842 815 2914 (pace
830 2841 940 2900 dicam
955 2841 1036 2902 Cor-

149 2954 226 3013 nelii
238 2953 264 3032 t)
283 2969 378 3029 quam
394 2953 526 3014 Henrici
547 2952 647 3013 Tertii
668 2955 769 3016 refert
782 2956 919 3018 vultus‘l

191 3069 417 3129 Radlrohanes
446 3085 536 3141 vem,
562 3071 616 3145 qui
644 3073 856 3148 cupiditatum
873 3073 1035 3149 impotens

149 3188 300 3262 princeps
315 3187 521 3263 proponitur,
543 3186 688 3248 stultitiae
704 3191 736 3249 et
751 3189 946 3250 documento
961 3205 1035 3251 esse

149 3307 265 3380 potest.
284 3304 401 3365 Mirum
421 3307 454 3365 ni
474 3307 572 3377 risus,
598 3306 820 3381 potiusquam
839 3307 955 3366 metu·
964 3303 1036 3378 ejus

149 3420 349 3482 facinoribus
371 3430 624 3483 commoveatur.
650 3422 779 3495 Quanto
802 3421 1037 3495 magistorum

148 3544 337 3614 trucemque
352 3555 386 3598 se
404 3539 527 3613 prol'ert
543 3543 728 3602 Bocchorls
740 3541 795 3601 ille
810 3556 904 3617 quem
920 3539 1036 3598 noster

147 3655 278 3726 Fenel0‚
293 3658 383 3732 quasi
400 3658 559 3734 quoddam
575 3658 743 3736 exemplar
755 3674 827 3719 esse
847 3657 950 3717 voluit
961 3671 1028 3716 ma·

149 3769 256 3839 lorum
272 3778 387 3854 quibus
400 3778 499 3838 nimia
521 3777 741 3853 effrenataque
758 3795 870 3854 regum
883 3780 1028 3855 potentia
