2940 5230
461 649 478 700 8
681 655 722 698 ou
744 657 768 697 r.
789 655 939 700 nunciam
960 656 1125 700 ineuntur

462 793 507 850 ad
521 787 690 848 sectarios
705 769 817 862 postea
831 785 837 814 ¹
873 787 984 848 Romae
1003 785 1132 862 prolati,
1149 785 1360 846 vindicatio-

461 915 535 960 nem
546 899 595 958 sui
606 898 811 976 suscepisset,
827 900 908 958 nihil
922 899 961 960 de
981 899 1048 959 suis
1062 897 1241 960 honoribus
1257 899 1361 960 loeu-

462 1017 526 1089 tus,
541 1015 628 1090 regis
645 1014 788 1088 levorem
805 1029 844 1074 ac
859 1013 1092 1088 benignitatem
1105 1029 1183 1088 erga
1198 1029 1234 1074 se
1249 1015 1360 1075 mode

463 1130 739 1194 commemoravit.
754 1131 796 1190 At
809 1130 943 1190 minime
955 1129 1106 1206 cuiquam
1117 1129 1151 1188 in
1161 1128 1260 1189 dubio
1275 1145 1360 1189 esse

465 1253 569 1328 potest
601 1267 675 1311 eum
702 1251 735 1310 in
763 1251 891 1326 anglica
914 1252 990 1312 aula
1018 1249 1175 1328 principis
1200 1250 1359 1310 amicitia

464 1383 560 1428 usum
586 1382 669 1440 esee,
692 1381 788 1442 qnam
817 1384 915 1444 quum
942 1366 1131 1427 adolescens
1157 1366 1197 1426 ob
1222 1366 1359 1439 ingenii

465 1499 555 1560 spem
561 1483 630 1558 jam
641 1483 765 1558 pridem
778 1486 865 1545 esset
882 1487 1048 1559 expertus
1065 1483 1161 1542 {etate
1180 1481 1360 1557 aliquante

359 1657 362 1664 ,
464 1597 623 1658 maturior
638 1597 767 1674 seriptis
786 1599 939 1658 auxerat.
963 1597 1007 1658 lie
1030 1596 1159 1674 quihus,
1177 1596 1270 1672 prius
1297 1612 1361 1656 ce-

464 1715 535 1774 tera
562 1727 659 1790 quam
682 1713 854 1788 expediam
883 1728 956 1788 quae
975 1712 1016 1772 ad
1040 1712 1112 1786 eJ'us
1130 1711 1233 1771 vitam
1248 1712 1364 1786 perti·
1425 1686 1427 1768 Ϊ

466 1829 577 1900 neunt,
595 1827 792 1904 paucissima
808 1826 908 1887 verba
920 1826 999 1885 milri
1020 1824 1170 1914 iacienda
1184 1826 1274 1885 sunt.

505 1946 769 2019 Enpdormtonts
778 1923 934 2004 nimiunn
944 1941 1125 2014 Saiprtoou
1136 1937 1159 2012 ²,
1172 1942 1222 2016 cuj
1228 1955 1267 2000 us
1281 1941 1361 2000 sin-

466 2059 552 2132 gulae
567 2060 677 2134 partes
701 2073 761 2133 per
786 2056 934 2118 ordinem
959 2057 992 2116 in
1016 2055 1133 2130 Anglia
1153 2055 1250 2117 editae
1264 2060 1360 2130 sunt,

467 2192 485 2237 e
499 2173 626 2234 duobus
641 2172 734 2233 libris
750 2176 880 2234 constat
903 2172 1019 2249 quibus
1041 2171 1222 2243 Barolaius
1240 2173 1363 2235 Petro-

467 2289 514 2348 nii
533 2288 658 2350 Arbitri
684 2288 806 2365 stylum
831 2288 988 2361 imitatus
1013 2301 1048 2376 se
1074 2286 1181 2362 ipsum
1201 2287 1260 2348 suh
1284 2287 1362 2348 Eu-

469 2404 672 2480 phormionis
685 2403 826 2474 nomine,
841 2403 1005 2479 principes
1020 2417 1098 2464 vero
1116 2403 1362 2481 optimatesque

468 2517 593 2595 aliquot
607 2503 829 2592 temporis'sui
846 2518 904 2579 suh
920 2517 1003 2580 fietis
1016 2518 1202 2580 nominihus
1219 2534 1360 2596 expres-

469 2632 522 2704 sit,
532 2633 630 2708 atque
639 2645 751 2690 eorum
762 2632 813 2692 vel
824 2633 923 2704 vitiis,
934 2633 1170 2695 velvirtutihus
1184 2635 1359 2711 expositis9

469 2748 619 2811 aularum
635 2763 743 2808 mores
756 2750 789 2809 et
803 2751 908 2812 aetatis
922 2750 1071 2812 institute
1083 2750 1231 2826 quaedam
1242 2719 1364 2810 adum-

469 2865 578 2934 brare,
588 2864 789 2940 etpetulanli
800 2865 928 2927 dioendi
939 2883 1063 2942 genere
1072 2867 1295 2943 perstringere
1305 2882 1364 2928 oo-

470 2986 640 3045 natusest.
656 2984 715 3044 Am
719 2984 771 3058 pla
798 2983 927 3060 quidem
939 2983 1092 3045 materies
1105 2985 1176 3044 erat
1199 2986 1231 3044 et
1245 2963 1362 3043 admo-

470 3101 545 3162 dum
561 3100 758 3161 adolesoenli
769 3099 983 3176 scriptorile
994 3095 1359 3176 compleotendaddulta

472 3219 581 3278 tamen
616 3214 700 3291 apud
729 3214 1003 3291 Euplmrmionem
1036 3214 1165 3290 penitus
1194 3213 1351 3288 cogitata,

508 3401 515 3432 ¹
530 3407 644 3458 Joaums
664 3407 791 3456 Baacunn
809 3403 944 3455 Parenosis
958 3405 990 3454 ad
999 3402 1242 3454 SertoriosLihriII.
1252 3404 1354 3465 Romae,

472 3495 504 3526 ex
519 3478 686 3542 typographia
704 3475 880 3526 Bartholomaer
891 3475 1015 3535 Zannetti,
1028 3472 1195 3526 MDCXVII.

416 3587 422 3598 .
508 3542 518 3570 ¹
533 3549 736 3598 Euruoamoms
747 3548 869 3597 Lusmuu
883 3548 936 3595 sive
950 3546 1063 3597 loannis
1077 3547 1206 3597 Beneuen
1221 3539 1356 3611 Satyrum

473 3627 556 3683 partes
569 3619 676 3684 quinque
691 3635 746 3668 cum
757 3618 830 3668 clavi.
839 3617 1026 3681 Amslelodami,
1036 3635 1067 3668 ex
1082 3617 1354 3678 officinaElzeviriuna‚

473 3694 535 3740 1658.
