2974 5222
465 692 499 748 iil
680 699 721 742 ou
741 700 764 741 J.
792 697 941 740 unacunn
967 696 1134 742 aaaasruu

464 847 558 892 arces
591 829 623 889 in
658 829 773 889 salutis
804 827 920 904 pignus
953 827 1142 902 efflagitent.
1177 825 1247 886 {ion
1273 826 1365 886 ideo

465 945 684 1008 damnandam
700 943 872 1005 Cleobulus
886 944 1052 1004 existimat
1074 945 1235 1018 majorum
1248 942 1365 1001 disci-

467 1063 589 1140 plinam
606 1076 626 1122 a
653 1060 769 1137 quibus
788 1059 927 1122 conditae
947 1063 1024 1120 sunt
1044 1076 1148 1121 arces.
1166 1059 1249 1118 Olim
1262 1059 1364 1118 enim

465 1174 609 1235 nondum
632 1171 776 1233 Siciliam
791 1173 936 1234 inunum
952 1174 1104 1235 coivisse.
1126 1172 1221 1232 Nunc
1242 1171 1364 1232 omnia

464 1285 560 1356 bello,
578 1285 769 1354 hereditate,
791 1284 978 1357 ioederibus‚
992 1287 1025 1346 in
1036 1302 1129 1361 reges
1142 1285 1261 1348 Siciliae
1273 1286 1362 1346 deos

466 1390 627 1461 retulisse.
648 1405 687 1450 ea
715 1389 868 1450 {eliciiate
896 1395 932 1452 ut
953 1393 1115 1452 neminem
1134 1392 1280 1468 reperias
1299 1391 1361 1452 cui

470 1529 482 1558 a
507 1504 616 1566 carius
641 1520 706 1566 non
721 1504 763 1564 sit
777 1519 948 1565 commune
967 1505 1088 1566 Siciliae
1112 1485 1231 1568 nomeu
1256 1521 1360 1583 quam

470 1645 483 1676 a
506 1622 680 1694 angustum
692 1620 870 1696 prouinciae
885 1620 919 1679 in
933 1637 996 1697 qua
1011 1625 1184 1684 asinatas
1206 1647 1219 1676 n

508 1733 602 1796 Dicet
633 1733 750 1810 aliquis
783 1732 834 1792 his
865 1733 974 1794 uerbis
1008 1733 1116 1796 sutura
1154 1737 1357 1813 prouidisse,

468 1867 533 1911 nou
549 1851 721 1927 praesentia
738 1847 954 1910 delineauisse
968 1849 1165 1912 Barclaium.
1187 1849 1282 1910 Haud
1295 1850 1359 1910 ab·

468 1967 603 2028 surdum
620 1969 729 2026 tamen
742 1968 814 2026 erat
834 1964 864 2024 id
885 1979 928 2024 ex
942 1965 1053 2040 parvis
1069 1966 1171 2025 initiis
1183 1965 1358 2039 augurari,

470 2083 505 2142 ut
517 2097 594 2142 mox
609 2080 643 2139 iu
657 2094 756 2140 unum
773 2077 891 2138 Galliae
907 2093 1043 2152 regnum
1057 2079 1268 2139 coalesceret.

508 2194 655 2254 Alterum
689 2199 864 2270 praeterea,
890 2194 999 2254 forsan
1032 2197 1066 2255 et
1098 2197 1219 2257 certius
1250 2211 1358 2256 reme·

469 2311 556 2371 dium
579 2309 791 2370 contumaciae
811 2308 843 2367 in
876 2309 938 2369 lroc
959 2326 1031 2371 esse
1056 2313 1146 2386 pouit
1168 2309 1356 2382 Cleobulus,

469 2429 504 2488 ut
534 2441 710 2504 paucorum
740 2441 900 2486 annorum
926 2425 1127 2503 praefecturae
1155 2428 1231 2488 sint.
1249 2427 1357 2500 Quum

468 2539 554 2599 enim
575 2554 617 2598 ex
644 2553 733 2598 more
766 2539 797 2596 in
823 2538 955 2614 longum
983 2542 1015 2600 et
1039 2540 1155 2601 stabile
1181 2541 1357 2618 imperium

470 2655 678 2732 permittendi
711 2655 898 2732 provincias
928 2657 1031 2717 multa
1065 2658 1151 2717 mala
1185 2658 1356 2728 fluxerint,

469 2771 726 2849 praefectosque,
749 2771 839 2832 velut
870 2772 1003 2834 totidem
1032 2775 1173 2849 regulos,
1203 2777 1358 2836 venerari

469 2888 644 2966 populares
670 2888 886 2962 assueverint,
911 2890 1037 2967 ipsique
1052 2894 1199 2952 rectores
1219 2891 1280 2951 sihi
1303 2865 1382 2950 re-¹

470 3021 545 3082 gum
569 3005 647 3080 jura
676 3002 916 3076 arrogaverint,
953 3004 1033 3063 nihil
1058 3005 1198 3081 amplius
1227 3007 1356 3066 restare

461 3093 524 3182 'ille
562 3119 743 3180 arbitratur
784 3118 845 3178 nisi
888 3121 1052 3196 princeps
1097 3121 1356 3198 quotiescunque

470 3253 582 3298 eorum
614 3235 732 3313 aliquis
766 3235 914 3308 decedet,
950 3238 1044 3298 novis
1072 3237 1198 3312 legibus
1226 3253 1357 3298 succes-

470 3367 575 3414 sorem
614 3352 803 3423 constituat,
832 3367 892 3411 nec
930 3352 1015 3412 ultra
1043 3353 1222 3413 triennium
1251 3355 1355 3429 potes·

470 3469 569 3528 tatem
590 3465 619 3527 ei
647 3464 820 3536 concedat,
845 3465 909 3525 imo
934 3466 967 3524 in
993 3465 1102 3541 plures
1133 3469 1256 3529 dividat
1275 3468 1354 3529 libe-

472 3581 645 3644 raliiatem.

513 3696 591 3759 Haeo
604 3696 642 3755 de
659 3695 778 3756 Siciliae
793 3711 894 3771 regno
908 3693 1051 3760 Cleobuli
1065 3701 1226 3761 sententia
1242 3700 1354 3762 obver-
