2940 5230
248 765 249 770 ,
349 751 352 760 ·
387 731 471 771 nur.
489 731 639 775 neaeram
659 733 733 775 vrrs
967 730 1005 780 le

113 861 288 933 meruisse,
316 863 348 920 et
371 863 505 936 grandis
523 863 706 938 opinionem
736 866 889 936 scientiae,
912 871 997 944 quod

114 992 186 1036 non
198 977 438 1051 intelligeretur
456 983 478 1037 ¹.
504 1000 520 1032 ›>

142 1093 286 1152 Minora
306 1095 420 1154 nostra
445 1095 536 1165 vilia,
556 1095 611 1156 sed
639 1111 704 1156 non
727 1079 835 1158 minus
862 1101 1002 1176 tenacia,

113 1223 183 1268 non
212 1208 414 1283 pretermisit
441 1208 624 1284 Barnlaius,
642 1212 739 1287 atque
761 1212 806 1273 ita
834 1214 1004 1278 titulorum

112 1322 338 1412 avidissimam
353 1326 616 1398 geniemaeuleis
638 1327 855 1402 praestrinxit
883 1333 919 1390 ut
947 1348 1005 1391 nu·

114 1439 257 1512 perrime
269 1439 340 1500 haee
356 1439 476 1516 scripta
490 1439 591 1541 spisse
603 1441 799 1504 videantur:

158 1575 175 1608 a
190 1553 232 1614 nt
247 1554 281 1614 in
294 1552 409 1614 Galliis
430 1553 515 1616 hano
534 1558 655 1617 mutuae
670 1555 820 1617 utilitatis
842 1559 1003 1622 rationem

112 1683 183 1728 non
204 1667 299 1728 modo
323 1667 443 1744 stirpes
467 1670 611 1746 antiquae
633 1673 864 1746 aspernantur,
880 1675 936 1734 sed
958 1676 1003 1744 et„

112 1783 209 1860 quasi
230 1785 428 1847 mercatores
456 1785 506 1845 sui
534 1786 681 1861 puderet,
710 1786 767 1846 ubi
793 1786 857 1847 illis
878 1788 1003 1864 largius

28 1988 31 1989 γ
112 1899 246 1961 fortuna
254 1899 399 1970 indulsit,
415 1901 523 1960 statim
536 1901 570 1960 in
582 1901 681 1961 aliam
697 1901 903 1977 disciplinam
916 1904 1001 1964 filios

113 2030 193 2076 suos
208 2017 319 2089 agunt,
333 2014 513 2090 jubentque
535 2017 694 2091 majorem
713 2017 850 2092 paterno
869 2016 999 2093 fastigio

18 2101 29 2108 Α
112 2145 248 2190 scenam
263 2127 458 2205 sperarent
473 2129 603 2205 quidem
617 2129 876 2204 magnitudinem
897 2130 1001 2192 Galli.

112 2261 227 2307 eorum
242 2245 425 2306 animorum
445 2245 560 2306 nullibi
575 2244 739 2306 efficacius
760 2244 884 2318 videas
900 2262 998 2322 quam

112 2363 149 2424 in
164 2360 288 2428 ambitu
308 2361 570 2436 magistratuum,
588 2375 607 2422 a
631 2361 748 2437 quibus
760 2361 917 2436 pervicax
925 2362 999 2423 liei-

110 2477 192 2538 tatio
206 2477 334 2554 iamdiu
350 2477 514 2552 egentium
544 2477 682 2536 virtutes
703 2447 854 2536 enclusit.
869 2475 1000 2537 Exhau.

109 2592 179 2652 rire
193 2591 347 2664 familias,
361 2591 495 2652 nomina
517 2590 637 2662 facere,
653 2606 734 2663 rem,
752 2590 911 2668 iidemque
925 2607 1000 2652 con·

112 2721 254 2776 sumere,
286 2705 454 2794 decorum,
481 2706 568 2777 dum,
579 2704 665 2767 inter
688 2705 832 2782 aequales
852 2707 999 2767 emineas

110 2820 165 2884 vel
179 2820 282 2881 sterili
295 2819 462 2895 dignitate,
476 2820 529 2880 vel
556 2820 659 2895 pretio
676 2819 870 2892 furtivorum
887 2836 998 2881 mune·

112 2951 188 2996 rum
217 2935 403 3012 patrimonii
424 2935 553 2994 ruinam
568 2936 752 3009 reparante.
769 2932 836 2994 Neo
852 2934 995 3006 dubium,

112 3051 193 3128 quin
220 3051 277 3110 illa
300 3051 400 3112 libido
416 3040 604 3120 titulorum,
626 3049 688 3108 nisi
704 3049 774 3124 ipsa
791 3064 826 3108 se
851 3049 995 3122 frangat,

113 3167 235 3241 euriae,
247 3166 436 3236 tribunalia,
449 3165 672 3242 praefecturae,
685 3163 816 3223 tandem
832 3163 875 3222 sit
889 3163 996 3223 viliori

112 3283 284 3356 sanguine,
302 3283 514 3358 angustisque
530 3279 659 3351 animia,
681 3277 886 3338 maculatum
899 3278 922 3335 ².
941 3298 951 3328 ι

150 3621 159 3652 ¹
175 3628 203 3678 J.
218 3627 347 3679 Beneuen
370 3625 428 3676 Iron
447 3624 591 3676 annnorum.
607 3620 672 3688 Cap.
690 3617 741 3672 lll.'
752 3621 854 3673 Dresdae
868 3628 893 3671 et
907 3621 997 3687 Lipsiae

112 3700 175 3748 irai.

150 3763 161 3794 ³
178 3769 217 3818 Iu.
235 3769 296 3820 illd.
