2974 5222
312 677 353 720 DE
373 679 414 720 RE
434 677 578 721 POLITICA
597 679 630 722 IN
650 679 817 722 andnemu
973 673 1003 724 61

109 810 234 870 facilia
250 811 283 869 in
306 813 373 870 toto
389 817 487 902 op'ere
506 811 697 887 exsequitur
711 811 892 871 Barclaius.
911 812 1005 886 Quae-
1080 851 1084 857 -

104 929 196 987 dam
211 930 319 988 tamen
341 927 474 987 delinita
493 927 596 1002 magis
609 928 816 1003 amplectitur
829 944 871 988 ex
887 928 1004 1005 quibus

103 1059 226 1118 neque
249 1043 371 1118 ingenii
385 1058 535 1115 acumen,
553 1015 658 1119 nepue
673 1059 782 1104 rerum
798 1044 1002 1120 politicarum

104 1158 290 1219 scientiam
306 1159 439 1218 omnino
453 1159 482 1218 ei
498 1158 641 1219 defuisse
660 1159 798 1234 intelligi
814 1161 931 1234 potest.
956 1159 1001 1219 Ex

100 1274 167 1334 his
184 1273 248 1334 duo
260 1273 452 1349 praesertim,
473 1291 573 1333 unum
596 1275 680 1351 quod
696 1290 790 1334 arces
801 1275 1000 1352 castellaque

103 1388 999 1460 ambitionismunimentaexscindantur,alterumuero

105 1503 203 1580 quod
221 1517 340 1577 magna
353 1503 489 1579 imperia
505 1518 674 1579 nunquam
697 1503 852 1564 diuturna
867 1505 942 1576 sint,
958 1504 998 1564 ab

107 1635 156 1679 eo
169 1618 378 1678 ornatissime
393 1617 641 1680 lucrationibus
655 1617 799 1680 Cleobuli
808 1621 848 1679 ad
858 1620 1000 1681 Malean-

106 1734 212 1794 drum
227 1727 392 1810 disputata
406 1736 492 1795 sunt.
515 1733 637 1810 Nempe
665 1733 853 1796 Meleandro
876 1737 1000 1813 trecens

107 1851 224 1911 adhuc
239 1853 310 1911 erat
324 1849 484 1911 malorum
499 1849 630 1929 imago),
646 1851 784 1911 sollicito
800 1848 1000 1912 Cleobulum-

107 1983 179 2044 que
207 1967 407 2040 consulenti,
446 1968 473 2026 is
497 1966 537 2027 de
562 1968 610 2028 rei
645 1966 782 2042 publlcae
809 1969 896 2026 statu
922 1965 998 2041 quid

106 2082 996 2157 sentiat,declarare,etvelutregninguramexprimere

110 2216 183 2260 non
197 2197 334 2268 dubitat,
351 2199 384 2257 in
399 2213 463 2274 qua
479 2196 595 2258 Galliae
609 2197 722 2257 civiles
734 2198 841 2258 motus
857 2196 917 2256 sub
937 2195 996 2256 Ca·

107 2314 185 2374 rolo
200 2311 306 2384 Nono,
320 2311 461 2373 Henrico
480 2311 603 2382 Tertio,
619 2311 719 2371 Henri
741 2311 876 2384 Quarto.
893 2309 997 2370 Ludo-

106 2421 250 2496 vicoque
266 2419 375 2479 Tertio
390 2418 536 2490 Decimo,
547 2432 725 2492 agnoscere
740 2433 804 2476 non
820 2417 995 2493 quidquam

107 2535 234 2610 negotii
255 2534 466 2594 sit.Lenitate
486 2532 666 2594 Meleandri
687 2532 828 2592 latorum
846 2532 996 2606 maligni-

106 2654 213 2711 tatem
237 2650 270 2708 in
290 2649 403 2724 patriae
427 2649 552 2709 cladem
573 2647 708 2708 abusam
724 2664 795 2708 esse
815 2649 994 2734 asseverat.

107 2791 121 2820 a
159 2765 253 2824 lllam
301 2764 512 2834 facilitatem,
554 2764 642 2824 illam
680 2765 916 2838 indulgentiam
961 2765 994 2822 in

106 2905 124 2935 »
149 2882 330 2954 magnates,
345 2879 434 2938 illam
462 2877 638 2940 Meleandri
664 2879 932 2954 superiorumque
945 2894 996 2938 re-

106 3018 122 3055 »
151 3013 228 3071 gum
244 2997 277 3056 in
296 3013 351 3057 eos
374 2997 596 3072 profusionem
611 2996 792 3072 prodidisse
814 2994 994 3070 praecipuas
1063 2991 1065 2994 ’

104 3135 122 3167 »
147 3113 276 3188 imperii
298 3113 395 3184 vireS,
412 3113 644 3189 aperuisseque
661 3111 791 3187 injuriis
807 3111 992 3185 despectam

103 3249 123 3287 »
147 3228 349 3304 dignitatem.
370 3253 382 3281 »
400 3229 483 3289 Tum
512 3228 689 3289 lactionum
711 3226 873 3286 cunabula
901 3225 991 3298 inge·

102 3346 261 3422 niumque
293 3347 463 3422 percenset
501 3343 692 3414 CleobuluS‚
725 3346 822 3418 atque
864 3341 990 3401 animos

102 3459 300 3534 optimatum
326 3459 481 3520 describit
514 3459 568 3535 qui
594 3481 610 3512 «
627 3459 663 3518 ut
684 3457 902 3518 reverentiam
929 3455 991 3516 sibi

102 3549 292 3639 concilient.
321 3577 354 3636 et
384 3575 461 3650 quid
481 3574 616 3651 possint,
640 3589 749 3648 regem
782 3573 990 3643 admoneant,

101 3695 256 3769 quaerunt
281 3691 469 3753 offensionis
493 3692 674 3762 materiem,
700 3695 732 3753 et
755 3692 857 3767 gratis
878 3691 993 3750 ineunt
