2974 5222
299 755 340 796 nu
366 753 406 795 nu
432 751 577 796 commen
604 753 637 795 m
662 753 827 798 niseumuu
973 749 1008 802 ὃὸ

103 888 257 948 sabatur
276 867 384 946 nimiis
405 887 542 947 sortasse
565 889 746 960 Armenicis
768 886 1004 962 laudatoribus

102 1019 220 1078 quum
245 1001 492 1061 celeberrimum
520 1001 689 1076 civilisque
717 1001 861 1061 scientiae
874 995 1006 1079 'peritis-

104 1118 237 1178 simum
272 1090 613 1189 ducemJRichelium,
635 1115 776 1175 Barclaii
810 1116 1005 1194 discipulum

106 1233 285 1294 exstitisse
309 1234 496 1307 jactarent·
517 1233 656 1294 Panibus
683 1232 828 1316 consiliis
861 1233 1005 1308 proiecto

109 1363 188 1405 rem
222 1345 384 1422 publicam
419 1348 591 1423 capessivit
623 1347 709 1422 apud
743 1363 802 1406 uos
839 1348 1001 1424 quondum

108 1477 255 1535 magnus
283 1463 335 1522 ille
362 1463 422 1522 vir.
456 1462 704 1523 Provinciarum
737 1463 824 1524 euim
859 1468 1003 1526 rectores

111 1595 217 1653 quum
248 1578 354 1653 legum
379 1594 513 1639 suarum
537 1577 743 1639 adversarios
771 1579 922 1656 regisque
947 1597 1007 1656 po·

111 1696 229 1756 testati
244 1696 385 1756 maxime
401 1696 547 1756 infensos
571 1695 761 1767 invenisset,
784 1696 882 1772 inque
906 1697 1005 1774 ipsius

114 1811 295 1888 perniciem
315 1828 401 1888 saepe
426 1814 614 1888 conjuratos
643 1811 923 1887 deprehendisset,
942 1828 1005 1887 quo

115 1927 213 1987 modo
227 1927 376 1998 vinculis,
397 1928 512 1988 exsilio
538 1929 580 1988 et'
596 1933 699 1988 morte
715 1925 923 1986 mulctaverit
940 1925 1009 1985 sac·

114 2044 219 2102 tiosos
232 2041 343 2113 duces,
358 2058 471 2102 omues
486 2044 609 2115 tenent,
632 2043 734 2102 donec
750 2042 781 2100 iu
798 2041 905 2100 locum
923 2041 1007 2102 male

114 2158 337 2217 animatorum
362 2159 394 2216 in
422 2174 455 2218 se
485 2157 671 2227 homiuum,
702 2155 875 2216 fidissimos
909 2171 1008 2232 quos-

116 2274 195 2334 dam
228 2274 442 2335 substituerit.
473 2273 595 2350 Nempe
618 2274 780 2349 praecepta
811 2270 1010 2345 sequebatur

117 2389 263 2450 Cleobuli
281 2391 314 2449 in
327 2389 414 2450 hunc
435 2390 564 2450 modum
580 2389 803 2450 Meleandrum
820 2388 981 2448 mouentis
999 2407 1004 2448 :

162 2505 281 2565 «Fere
319 2521 451 2566 necesse
477 2505 650 2566 videbatur
679 2505 817 2581 aiicujus
847 2504 1009 2576 sanguiue

116 2620 165 2680 lui
191 2621 252 2681 hoc
277 2620 411 2679 crimen.
430 2619 578 2680 Extorsit
602 2621 809 2682 atrocitatem
830 2599 1009 2682 remediis

118 2737 177 2804 tua
196 2734 342 2794 bonitate
362 2750 436 2794 cum
462 2733 638 2794 Oioodemo
670 2734 874 2807 Eristlmues;
905 2740 937 2797 et
961 2738 1012 2796 in-'

120 2851 198 2911 seiix
223 2851 343 2910 vindex
371 2851 570 2926 Lycogeues,
598 2852 783 2912 ceterorum
804 2851 929 2912 animos
951 2853 1010 2913 ali·

118 2966 263 3042 quandiu
288 2967 336 3026 sui
358 2967 522 3026 'memoria
550 2965 682 3027 tenebit.
713 2937 866 3043 Quisquis
896 2969 1006 3027 autern

117 3082 300 3157 temporum
316 3081 453 3142 istorum
464 3080 595 3152 oblitus,
607 3081 639 3139 iu
655 3081 742 3140 huuc
755 3079 867 3140 iudum
884 3081 1007 3156 primus
1018 3049 1041 3084 '⁵

118 3195 304 3264 descendet,
337 3197 428 3257 ocius
453 3196 617 3256 hominem
647 3209 767 3270 preme,
798 3211 862 3255 non
892 3194 1005 3266 tardis

120 3327 185 3371 non
201 3311 324 3372 incerta
335 3311 575 3372 consultatione
592 3310 720 3371 libratis
736 3309 916 3371 conatibus.
935 3309 1007 3385 Ipse

121 3427 179 3487 tibi
211 3427 449 3503 expeditionem
484 3427 629 3497 desume,
658 3442 699 3486 ne
723 3428 854 3486 tuoruni
886 3425 1007 3486 'ducum

120 3541 348 3618 praevaricatio
359 3542 448 3602 illam
463 3556 595 3602 eausam
610 3515 715 3602 inutili
736 3555 826 3601 mora
842 3541 1004 3602 conficiat.

123 3655 158 3717 Si
174 3657 320 3729 audebis
337 3659 363 3718 si
387 3675 454 3719 non
470 3657 688 3728 cunctaberiS,
715 3657 807 3718 multi
824 3641 1006 3734 majestatis

122 3776 304 3835 reverentia
325 3775 407 3850 capti
428 3776 518 3834 tuum
534 3773 715 3848 auspicium
731 3777 924 3849 sequentum
952 3773 1006 3850 qui

832 3882 844 3924 e
