2940 5230
490 645 525 702 ll
705 657 747 700 on
766 659 790 700 1.
814 659 964 705 nunctum
986 661 1154 705 anonurnn
1214 665 1218 674 ’

490 789 530 850 ils
553 789 704 849 assentiri
723 791 841 864 poterit
856 791 910 866 qui
932 791 1059 851 fabulas
1074 794 1200 852 tantum
1225 793 1268 852 ad
1286 809 1384 853 exac-

491 907 558 964 tam
579 904 723 965 historiae
738 903 831 964 iidem
847 919 964 978 cogere
980 907 1086 966 conati
1104 911 1193 968 sunt.
1442 991 1443 998 ἵ

532 1021 602 1082 Non
618 1021 788 1080 abnuerim
809 1023 917 1080 tamon
943 1024 1143 1098 praecipuum
1166 1024 1197 1082 id
1225 1023 1379 1084 Barclaio
1442 999 1443 1080 i

492 1137 592 1196 luisse
607 1139 652 1205 ul,
670 1135 730 1194 suls
746 1134 927 1195 tabularum
939 1137 1156 1210 jncunditate,
1173 1137 1250 1213 quill
1268 1137 1311 1197 de
1328 1151 1390 1212 po-.

491 1251 588 1312 liticis
609 1249 706 1310 rebus
722 1251 858 1310 sentiret
880 1267 1055 1327 exponere,
1073 1255 1105 1312 et
1126 1253 1288 1328 quasdam
1312 1268 1379 1313 cer·
1442 1243 1443 1310 l

492 1369 599 1426 torum
619 1365 785 1424 bominum
808 1365 954 1426 actiones
971 1367 1190 1444 historiasque
1207 1366 1391 1429 nominum'
1442 1425 1443 1476 γ

492 1497 625 1542 suorum
641 1482 826 1542 simulacris
839 1485 952 1558 aptare
968 1487 1120 1545 tentaret.
1137 1485 1198 1545 Sed
1215 1485 1305 1546 sicut
1318 1501 1378 1546 non
1406 1575 1412 1590 .

492 1595 625 1656 dubium
642 1600 690 1657 est
712 1599 789 1672 quin
807 1599 912 1658 (luisii
935 1605 1183 1678 oeterorumque
1205 1619 1248 1662 ex
1265 1602 1377 1662 Lollia·

493 1713 618 1787 ringica
647 1712 770 1774 familia
796 1716 979 1792 principum
1013 1717 1157 1782 ambitio.
1182 1720 1375 1794 Lycogems,

494 1829 723 1905 Oloollemique
748 1834 780 1892 et
801 1830 982 1892 llristlrenis
997 1833 1143 1908 personis
1160 1836 1374 1910 exprimatur,

495 1945 675 2020 Galliaeque
691 1949 795 2006 status
806 1947 866 2007 sub
882 1948 1001 2007 ciciliae
1017 1949 1147 2009 nomine
1163 1951 1374 2024 significetur,

495 2062 540 2122 lte
556 2061 761 2122 manifestum
777 2063 874 2123 estin
893 2063 1063 2138 Lyoogene
1089 2082 1154 2125 non
1176 2067 1272 2127 modo
1300 2065 1375 2126 Gui-

496 2179 591 2250 sium,
604 2178 658 2239 sed
674 2180 1124 2256 etimperaudicupiditatem,
1136 2183 1375 2261 lactionumque

432 2335 434 2340 .
494 2296 598 2356 malas
612 2297 700 2355 artes
720 2295 879 2367 exhiberi,
901 2291 1067 2374 multaque
1088 2301 1121 2358 ln
1148 2300 1308 2362 Gallicum
1326 2317 1375 2362 ra·

494 2427 591 2489 gnum
610 2413 726 2474 cauere
742 2431 806 2475 non
822 2431 917 2492 posse
944 2433 1015 2492 quae
1026 2418 1065 2476 de
1081 2417 1191 2478 Sicilia
1212 2420 1372 2481 dicuntur.

401 2533 405 2542 '
496 2527 700 2602 Quinetiam
729 2529 848 2590 infitias
873 2530 921 2591 ire
943 2546 1038 2591 nemo
1061 2534 1166 2608 potest
1188 2535 1374 2595 certissimis

496 2642 588 2705 factis
612 2645 861 2722 nominibusque
882 2646 1059 2723 saepissime
1089 2649 1275 2710 Barclaium
1295 2651 1374 2711 allu-

496 2760 588 2821 sisse.
602 2758 811 2840 Perspicuum
823 2763 909 2822 enim
925 2765 974 2824 est
985 2767 1206 2838 Merpontcm
1218 2783 1277 2841 pro
1293 2766 1372 2826 Ger·
1441 2739 1442 2824 f

495 2877 615 2946 menia,
655 2881 852 2938 Ustnclcom
887 2894 944 2953 pro
977 2877 1122 2952 Calvum,
1152 2883 1372 2943 Ibbnrronem
1441 2851 1442 2868 ³

496 3007 554 3068 pro
570 2992 760 3062 Barberino,
774 2993 886 3052 eodem
900 2993 1073 3055 verborum
1088 2996 1267 3064 involucro,
1286 3015 1371 3058 usur-

495 3109 576 3184 pari.
588 3105 752 3187 landc'is
771 3109 1183 3185 conjtrptbnsoonolrinmn
1200 3112 1370 3173 Anclloria-

495 3227 607 3286 tanum
632 3224 856 3285 Marcbionem
877 3241 950 3283 cum
975 3239 1075 3285 uxore
1095 3224 1255 3287 Eleonora
1280 3225 1369 3288 Galli-

495 3342 589 3416 gaiae‚
602 3341 635 3401 in
649 3325 930 3416 Pnrpqils'autem
944 3339 1119 3402 Somerseti
1128 3339 1281 3402 Comitem
1294 3359 1367 3404 uxo-

497 3471 630 3532 remque
648 3456 785 3516 libenter
800 3471 950 3530 agnosco.
963 3455 1030 3517 Nec
1042 3457 1169 3518 calvini
1179 3459 1316 3520 asseclas
1329 3437 1368 3520 er

496 3575 777 3651 Hyperepnanns
799 3573 934 3649 intelligi
964 3577 1170 3651 negaverim,
1198 3577 1271 3638 licet
1296 3578 1361 3654 quid

496 3689 558 3750 hoc
574 3689 703 3749 nomine
716 3691 750 3749 in
766 3691 837 3750 illos
858 3691 1014 3754 illudatur
1028 3711 1092 3754 non
1113 3695 1192 3756 satis
1209 3699 1359 3770 appareat,
1440 3721 1441 3726 ¹
