2940 5230
457 633 490 687 58
671 645 708 686 oa
731 643 756 686 r.
784 641 931 685 truncatu
959 643 1125 685 insumus

952 723 959 744 .

457 895 550 952 sent¹

497 1005 623 1070 Nurum
648 1005 770 1068 nullum
795 1005 938 1066 maxime
957 1005 1131 1080 disputatae
1156 1021 1266 1064 causae
1289 1021 1359 1064 ar-

457 1127 646 1197 gumentum
667 1123 816 1182 attulisse
840 1121 1037 1186 Rammium,
1055 1120 1159 1198 liquet
1175 1121 1353 1182 omnibns.

457 1237 550 1310 Nam,
568 1237 741 1299 verborum
768 1238 857 1298 lucos
881 1239 908 1298 si
932 1237 1039 1308 tollas,
1063 1236 1145 1298 nihil
1168 1236 1258 1297 aliud
1278 1237 1356 1297 nisi

459 1355 638 1430 tyranidem
660 1355 830 1415 instituere
855 1353 1072 1430 Nicopompns
1094 1351 1357 1430 Dunalbiusque

458 1469 661 1530 orationibus
697 1469 765 1529 suis
788 1469 947 1528 ridentur.
971 1468 1004 1529 ld
1035 1470 1145 1529 autem
1168 1485 1206 1529 eo
1231 1470 1354 1530 minus

459 1585 640 1645 mirandum
668 1589 716 1646 est
753 1586 859 1663 quod,
891 1603 989 1662 quum
1025 1602 1152 1646 morum
1185 1585 1350 1648 facilitate

457 1701 555 1776 atque
571 1701 700 1775 ingenio
722 1701 837 1762 aulicis
856 1701 1053 1777 urbanisque
1074 1701 1349 1761 dissimulationi-

399 1871 404 1882 .
457 1817 517 1878 bus
551 1833 642 1895 aeque
675 1820 750 1907 apto
779 1817 948 1878 Barclaius
980 1817 1135 1894 praeditus
1169 1821 1275 1880 esset.
1309 1821 1346 1878 et

459 1933 606 2010 quamvis
635 1935 727 1993 triste
757 1933 916 2009 quoddam
943 1932 1203 2009 invidiosumque
1241 1933 1345 2006 regiae

458 2049 627 2126 potestatis
641 2050 862 2121 simulacrum,
876 2049 999 2110 Jacobo
1013 2052 1183 2122 regnante,
1199 2053 1347 2110 contem-

459 2165 566 2240 platus
586 2167 684 2237 esset,
704 2165 830 2239 regiam
853 2167 960 2225 tamen
993 2165 1198 2239 majestatem
1224 2180 1348 2224 acon-

459 2280 665 2342 cionantibus
688 2280 856 2341 civitatum
878 2280 1050 2357 populique
1069 2280 1259 2340 auctoribus
1274 2280 1347 2339 im-

458 2399 635 2471 pugnatam
661 2397 837 2472 laesamque
866 2395 1026 2456 doluerat.
1055 2393 1167 2471 Itaque
1200 2394 1340 2469 regibus

459 2509 620 2568 infinitam
635 2511 834 2587 liberamque
859 2513 1051 2587 potestatem
1071 2508 1220 2569 concedit
1239 2509 1349 2582 leges·

460 2639 521 2700 que
538 2639 580 2684 ex
594 2623 724 2686 libidine
744 2629 942 2704 condendas.
970 2626 1038 2687 lmo
1066 2627 1112 2686 ita
1137 2627 1177 2686 de
1198 2627 1350 2700 vectiga-

460 2737 556 2807 libus
579 2742 674 2815 prout
693 2741 833 2817 postulet
853 2745 989 2818 tempus,
1007 2741 1189 2816 exigendis,
1214 2741 1346 2800 locutus

460 2855 510 2915 est
522 2855 557 2914 ut
568 2854 649 2915 nihil
664 2856 803 2934 amplius
819 2859 852 2916 in
866 2859 1008 2933 tyranno
1030 2857 1245 2917 desideretur.
1264 2855 1346 2916 Tes-

460 2973 501 3033 tis
514 2973 593 3032 mihi
609 2973 810 3042 Poliarchus,
830 2974 861 3034 id
879 2978 929 3036 est
943 2973 1106 3050 perlectus
1120 2975 1342 3050 optimusque.

459 3089 600 3150 Barclaii
626 3091 798 3154 sententia,
816 3105 886 3162 rex,
904 3089 1093 3166 Hyanisben
1113 3091 1166 3166 qni
1191 3091 1343 3164 reginam

460 3207 613 3267 bortatur
633 3221 673 3265 ne
691 3195 844 3281 populum
860 3205 1039 3266 adtributa
1063 3219 1180 3279 cogere
1201 3206 1341 3267 dubitet.

460 3319 599 3391 Etenim,
617 3321 729 3395 regina
750 3320 870 3382 iatente
883 3336 918 3381 se
932 3337 997 3381 non
1011 3335 1106 3398 posse
1118 3322 1196 3380 tunc
1215 3336 1257 3381 ex
1273 3323 1345 3381 tota

461 3438 555 3506 gente
575 3435 748 3495 concilium
767 3449 961 3502 convocare,
986 3437 1079 3512 cujus
1100 3435 1287 3494 necessaria
1301 3435 1346 3496 sit

499 3677 505 3706 ¹
518 3683 533 3732 J
541 3718 546 3729 .
562 3684 686 3733 Bnnemn
700 3683 813 3750 Arpinis.
831 3684 882 3734 Lib.
900 3685 919 3744 I,
934 3703 955 3736 c.
975 3692 1007 3735 15.

1451 684 1454 797 l

457 776 610 853 quilliora
627 774 793 848 magisque
816 771 954 832 illustria
970 772 1055 850 apud
1076 787 1111 832 se
1127 773 1264 848 imperia
1293 791 1363 834 es·
1453 804 1455 853 l,

1455 864 1458 973 l
