2940 5230
463 1311 583 1388 UAPUT
606 1312 645 1390 IV

287 1610 340 1682 De
353 1625 394 1666 re
411 1606 560 1682 politica
577 1606 616 1662 in
633 1606 824 1676 Arqenide.

153 2032 352 2094 Rebellionis
369 2017 537 2107 ingenium
565 2035 842 2109 factiosorumque
856 2034 1002 2108 praetex·

109 2150 374 2242 tumyptostromo
386 2117 471 2208 tiam
483 2153 515 2210 ct
529 2149 642 2210 modos
656 2149 773 2227 quihus
787 2139 996 2210 contumaces

109 2265 204 2326 obrui
219 2264 356 2340 possint,
386 2265 420 2323 in
441 2269 614 2341 Arpemce
640 2267 815 2342 depingere
843 2264 996 2325 Barclaio

112 2379 283 2440 consilium
303 2378 372 2440 fuit.
399 2377 430 2438 Is
452 2397 551 2457 quum
571 2382 740 2454 seculum·
754 2396 817 2458 quo
837 2397 902 2440 non
918 2382 998 2441 aite-

115 2512 188 2555 rum
203 2471 433 2568 turbulentius,
448 2497 609 2569 occidens,
628 2499 885 2575 populorumque
898 2497 931 2556 in
947 2501 996 2557 rc-

114 2627 172 2685 gcs
206 2613 313 2671 motus
349 2611 595 2690 religiosasque,
624 2614 775 2675 civilibus
802 2614 993 2684 atrociores

116 2724 307 2789 discordias,
325 2727 357 2785 ot
381 2727 585 2788 notissimam
601 2730 877 2806 conspiratmncm
891 2730 998 2804 angli-

117 2852 233 2899 canam
247 2842 482 2917 contemplatus
496 2847 582 2904 essct
598 2842 710 2921 (quam
724 2860 851 2920 quoquc
871 2843 911 2902 ab
928 2844 999 2918 ipso

115 2959 283 3016 narratam
302 2957 460 3019 hahemus
475 2955 497 3039 ¹)
526 2976 688 3036 quumque
709 2959 749 3019 de
770 2959 869 3018 robus
897 2958 1003 3033 pubii-

114 3071 161 3130 cis
174 3085 284 3131 secum
305 3074 520 3134 commentari
540 3091 560 3134 a
581 3090 683 3150 puero
705 3072 942 3142 consuevisset,
964 3071 998 3130 in

114 3163 322 3256 curriculum,
341 3190 376 3248 ut
389 3189 434 3248 ita
449 3188 566 3260 dicam,
582 3190 700 3250 iterum
716 3186 926 3256 descendere,
949 3188 994 3257 ct,

116 3303 269 3378 proviriii
288 3306 390 3378 parte,
408 3305 599 3378 periculosa,
618 3306 702 3365 sicut
721 3301 938 3369 existimabat,
957 3301 998 3360 de

117 3417 217 3493 plebis
232 3434 409 3497 rogumque
430 3423 543 3480 mutuo
563 3422 639 3495 jure
665 3423 827 3495 praecepta
847 3417 997 3478 retollere

154 3619 255 3677 ¹.Series
265 3629 385 3690 patefacti
398 3630 516 3678 divinitus
528 3629 670 3692 porrocidiu
683 3629 710 3678 iu
724 3637 760 3678 ter
769 3628 900 3676 maximum
914 3625 1004 3692 Repetit

119 3713 266 3818 reiqggtzquc
281 3697 418 3750 Britannia
440 3701 540 3765 capituti
562 3709 584 3750 et
601 3700 723 3750 instructi.
742 3700 820 3750 Nonis
840 3699 881 3748 IX
904 3698 1003 3757 bribus,

122 3770 139 3818 t
230 3807 236 3820 .
