<?xml version="1.0" encoding="UTF-8"?>
<!DOCTYPE html PUBLIC "-//W3C//DTD XHTML 1.0 Transitional//EN"
    "http://www.w3.org/TR/xhtml1/DTD/xhtml1-transitional.dtd">
<html xmlns="http://www.w3.org/1999/xhtml" xml:lang="en" lang="en">
 <head>
  <title>
</title>
<meta http-equiv="Content-Type" content="text/html;charset=utf-8" />
  <meta name='ocr-system' content='tesseract 3.04.00' />
  <meta name='ocr-capabilities' content='ocr_page ocr_carea ocr_par ocr_line ocrx_word'/>
</head>
<body>
  <div class='ocr_page' id='page_1' title='image "./dejoannisbarcla01boucgoog_0025.png"; bbox 0 0 2942 5228; ppageno 0'>
   <div class='ocr_carea' id='block_1_1' title="bbox 497 675 1155 728">
    <p class='ocr_par' dir='ltr' id='par_1_1' title="bbox 497 675 1155 728">
     <span class='ocr_line' id='line_1_1' title="bbox 497 675 1155 728; baseline 0.003 -2"><span class='ocrx_word' id='word_1_1' title='bbox 497 675 529 728; x_wconf 73' lang='lat' dir='ltr'>lt</span> <span class='ocrx_word' id='word_1_2' title='bbox 710 685 754 726; x_wconf 81' lang='lat' dir='ltr'>on</span> <span class='ocrx_word' id='word_1_3' title='bbox 773 685 797 726; x_wconf 84' lang='lat' dir='ltr'>r.</span> <span class='ocrx_word' id='word_1_4' title='bbox 820 685 970 728; x_wconf 69' lang='lat' dir='ltr'>naminari</span> <span class='ocrx_word' id='word_1_5' title='bbox 990 685 1155 728; x_wconf 68' lang='lat' dir='ltr'>,inlinuntur</span> 
     </span>
    </p>
   </div>
   <div class='ocr_carea' id='block_1_2' title="bbox 469 787 1465 2856">
    <p class='ocr_par' dir='ltr' id='par_1_2' title="bbox 469 787 1465 2856">
     <span class='ocr_line' id='line_1_2' title="bbox 535 787 1377 900; baseline 0.004 -23"><span class='ocrx_word' id='word_1_6' title='bbox 535 815 588 878; x_wconf 88' lang='lat' dir='ltr'>nn</span> <span class='ocrx_word' id='word_1_7' title='bbox 598 817 717 877; x_wconf 80' lang='lat' dir='ltr'>mrum</span> <span class='ocrx_word' id='word_1_8' title='bbox 728 817 840 892; x_wconf 77' lang='lat' dir='ltr'>igitur,</span> <span class='ocrx_word' id='word_1_9' title='bbox 851 831 897 900; x_wconf 79' lang='lat' dir='ltr'>¹ne</span> <span class='ocrx_word' id='word_1_10' title='bbox 911 817 1032 878; x_wconf 71' lang='lat' dir='ltr'>murno</span> <span class='ocrx_word' id='word_1_11' title='bbox 1047 817 1121 886; x_wconf 73' lang='lat' dir='ltr'>sim,</span> <span class='ocrx_word' id='word_1_12' title='bbox 1136 816 1165 878; x_wconf 77' lang='lat' dir='ltr'>si</span> <span class='ocrx_word' id='word_1_13' title='bbox 1176 787 1293 880; x_wconf 76' lang='lat' dir='ltr'>bosius</span> <span class='ocrx_word' id='word_1_14' title='bbox 1307 826 1315 857; x_wconf 65' lang='grc' dir='ltr'>ι</span> <span class='ocrx_word' id='word_1_15' title='bbox 1332 820 1377 880; x_wconf 79' lang='lat' dir='ltr'>na</span> 
     </span>
     <span class='ocr_line' id='line_1_3' title="bbox 493 939 1380 1018; baseline 0.002 -16"><span class='ocrx_word' id='word_1_16' title='bbox 493 942 602 1002; x_wconf 79' lang='lat' dir='ltr'>dicere</span> <span class='ocrx_word' id='word_1_17' title='bbox 633 942 776 1018; x_wconf 86' lang='lat' dir='ltr'>potuerit</span> <span class='ocrx_word' id='word_1_18' title='bbox 801 956 808 1000; x_wconf 95' lang='lat'>:</span> <span class='ocrx_word' id='word_1_19' title='bbox 836 942 1083 1002; x_wconf 83' lang='lat' dir='ltr'>«acutissimus</span> <span class='ocrx_word' id='word_1_20' title='bbox 1106 939 1260 1017; x_wconf 85' lang='lat' dir='ltr'>politicus</span> <span class='ocrx_word' id='word_1_21' title='bbox 1288 942 1380 1004; x_wconf 44' lang='lat' dir='ltr'>‘Bar-</span> 
     </span>
     <span class='ocr_line' id='line_1_4' title="bbox 495 1044 1378 1132; baseline 0 -15"><span class='ocrx_word' id='word_1_22' title='bbox 495 1055 603 1117; x_wconf 83' lang='lat' dir='ltr'>claius</span> <span class='ocrx_word' id='word_1_23' title='bbox 611 1056 744 1132; x_wconf 80' lang='lat' dir='ltr'>J&#39;uvenis</span> <span class='ocrx_word' id='word_1_24' title='bbox 766 1055 880 1129; x_wconf 76' lang='lat' dir='ltr'>viginti</span> <span class='ocrx_word' id='word_1_25' title='bbox 896 1044 1069 1126; x_wconf 80' lang='lat' dir='ltr'>annorum,</span> <span class='ocrx_word' id='word_1_26' title='bbox 1087 1054 1147 1116; x_wconf 89' lang='lat' dir='ltr'>sub</span> <span class='ocrx_word' id='word_1_27' title='bbox 1162 1054 1378 1131; x_wconf 83' lang='lat' dir='ltr'>Euphormic-</span> 
     </span>
     <span class='ocr_line' id='line_1_5' title="bbox 493 1169 1377 1246; baseline -0.001 -15"><span class='ocrx_word' id='word_1_28' title='bbox 493 1172 545 1232; x_wconf 88' lang='lat' dir='ltr'>nis</span> <span class='ocrx_word' id='word_1_29' title='bbox 567 1170 709 1238; x_wconf 89' lang='lat' dir='ltr'>nomine,</span> <span class='ocrx_word' id='word_1_30' title='bbox 722 1185 761 1229; x_wconf 89' lang='lat' dir='ltr'>ea</span> <span class='ocrx_word' id='word_1_31' title='bbox 784 1169 957 1246; x_wconf 90' lang='lat' dir='ltr'>prudentia</span> <span class='ocrx_word' id='word_1_32' title='bbox 986 1171 1018 1230; x_wconf 88' lang='lat' dir='ltr'>et</span> <span class='ocrx_word' id='word_1_33' title='bbox 1041 1171 1212 1245; x_wconf 81' lang='lat' dir='ltr'>majestate</span> <span class='ocrx_word' id='word_1_34' title='bbox 1234 1171 1377 1231; x_wconf 91' lang='lat' dir='ltr'>omnium</span> 
     </span>
     <span class='ocr_line' id='line_1_6' title="bbox 492 1282 1375 1359; baseline -0.001 -15"><span class='ocrx_word' id='word_1_35' title='bbox 492 1284 631 1359; x_wconf 84' lang='lat' dir='ltr'>Europae</span> <span class='ocrx_word' id='word_1_36' title='bbox 645 1282 961 1358; x_wconf 81' lang='lat' dir='ltr'>rerumpublicarum</span> <span class='ocrx_word' id='word_1_37' title='bbox 981 1283 1061 1343; x_wconf 84' lang='lat' dir='ltr'>vitia</span> <span class='ocrx_word' id='word_1_38' title='bbox 1082 1284 1115 1343; x_wconf 88' lang='lat' dir='ltr'>et</span> <span class='ocrx_word' id='word_1_39' title='bbox 1136 1283 1273 1345; x_wconf 87' lang='lat' dir='ltr'>virtutes</span> <span class='ocrx_word' id='word_1_40' title='bbox 1293 1284 1375 1345; x_wconf 86' lang='lat' dir='ltr'>sati-</span> 
     </span>
     <span class='ocr_line' id='line_1_7' title="bbox 493 1398 1376 1474; baseline 0 -14"><span class='ocrx_word' id='word_1_41' title='bbox 493 1401 562 1461; x_wconf 88' lang='lat' dir='ltr'>rico</span> <span class='ocrx_word' id='word_1_42' title='bbox 576 1398 643 1460; x_wconf 89' lang='lat' dir='ltr'>sale</span> <span class='ocrx_word' id='word_1_43' title='bbox 659 1399 861 1474; x_wconf 71' lang='lat' dir='ltr'><strong>perstrinxit,</strong></span> <span class='ocrx_word' id='word_1_44' title='bbox 878 1400 914 1459; x_wconf 91' lang='lat' dir='ltr'>ut</span> <span class='ocrx_word' id='word_1_45' title='bbox 927 1399 1116 1458; x_wconf 86' lang='lat' dir='ltr'>universum</span> <span class='ocrx_word' id='word_1_46' title='bbox 1131 1398 1242 1460; x_wconf 89' lang='lat' dir='ltr'>orbem</span> <span class='ocrx_word' id='word_1_47' title='bbox 1258 1399 1291 1459; x_wconf 92' lang='lat' dir='ltr'>in</span> <span class='ocrx_word' id='word_1_48' title='bbox 1304 1402 1376 1460; x_wconf 92' lang='lat' dir='ltr'>stu-</span> 
     </span>
     <span class='ocr_line' id='line_1_8' title="bbox 493 1512 1374 1591; baseline -0.001 -15"><span class='ocrx_word' id='word_1_49' title='bbox 493 1531 604 1591; x_wconf 90' lang='lat' dir='ltr'>porem</span> <span class='ocrx_word' id='word_1_50' title='bbox 628 1514 753 1576; x_wconf 82' lang='lat' dir='ltr'>dederit</span> <span class='ocrx_word' id='word_1_51' title='bbox 773 1533 803 1574; x_wconf 77' lang='lat' dir='ltr'>o.</span> <span class='ocrx_word' id='word_1_52' title='bbox 835 1512 935 1590; x_wconf 89' lang='lat' dir='ltr'>Cujus</span> <span class='ocrx_word' id='word_1_53' title='bbox 959 1513 1089 1590; x_wconf 86' lang='lat' dir='ltr'>quidem</span> <span class='ocrx_word' id='word_1_54' title='bbox 1118 1515 1152 1574; x_wconf 94' lang='lat' dir='ltr'>in</span> <span class='ocrx_word' id='word_1_55' title='bbox 1178 1515 1374 1576; x_wconf 90' lang='lat' dir='ltr'>sententiam</span> 
     </span>
     <span class='ocr_line' id='line_1_9' title="bbox 492 1629 1375 1707; baseline -0.002 -15"><span class='ocrx_word' id='word_1_56' title='bbox 492 1633 576 1692; x_wconf 89' lang='lat' dir='ltr'>sicut</span> <span class='ocrx_word' id='word_1_57' title='bbox 595 1630 643 1691; x_wconf 90' lang='lat' dir='ltr'>ire</span> <span class='ocrx_word' id='word_1_58' title='bbox 663 1629 776 1700; x_wconf 88' lang='lat' dir='ltr'>nolim,</span> <span class='ocrx_word' id='word_1_59' title='bbox 791 1631 837 1692; x_wconf 88' lang='lat' dir='ltr'>ita</span> <span class='ocrx_word' id='word_1_60' title='bbox 851 1629 985 1690; x_wconf 88' lang='lat' dir='ltr'>minime</span> <span class='ocrx_word' id='word_1_61' title='bbox 1000 1630 1205 1706; x_wconf 84' lang='lat' dir='ltr'>probaverim</span> <span class='ocrx_word' id='word_1_62' title='bbox 1217 1631 1375 1707; x_wconf 87' lang='lat' dir='ltr'>judicium</span> 
     </span>
     <span class='ocr_line' id='line_1_10' title="bbox 493 1745 1375 1822; baseline -0.002 -14"><span class='ocrx_word' id='word_1_63' title='bbox 493 1747 651 1822; x_wconf 84' lang='lat' dir='ltr'>Scaligeri</span> <span class='ocrx_word' id='word_1_64' title='bbox 670 1747 808 1808; x_wconf 90' lang='lat' dir='ltr'>dicentis</span> <span class='ocrx_word' id='word_1_65' title='bbox 826 1762 855 1806; x_wconf 85' lang='lat'>:«</span> <span class='ocrx_word' id='word_1_66' title='bbox 870 1745 989 1818; x_wconf 85' lang='lat' dir='ltr'>Quanti</span> <span class='ocrx_word' id='word_1_67' title='bbox 1005 1745 1280 1821; x_wconf 81' lang='lat' dir='ltr'>Euphormionem</span> <span class='ocrx_word' id='word_1_68' title='bbox 1291 1746 1375 1807; x_wconf 88' lang='lat' dir='ltr'>Bar-</span> 
     </span>
     <span class='ocr_line' id='line_1_11' title="bbox 490 1855 1376 1938; baseline -0.002 -15"><span class='ocrx_word' id='word_1_69' title='bbox 490 1863 565 1923; x_wconf 84' lang='lat' dir='ltr'>olaii</span> <span class='ocrx_word' id='word_1_70' title='bbox 580 1861 760 1933; x_wconf 84' lang='lat' dir='ltr'>laciam‚ex</span> <span class='ocrx_word' id='word_1_71' title='bbox 772 1877 810 1922; x_wconf 92' lang='lat' dir='ltr'>eo</span> <span class='ocrx_word' id='word_1_72' title='bbox 824 1877 1023 1936; x_wconf 82' lang='lat' dir='ltr'>cognoscere</span> <span class='ocrx_word' id='word_1_73' title='bbox 1031 1864 1123 1938; x_wconf 91' lang='lat' dir='ltr'>potes</span> <span class='ocrx_word' id='word_1_74' title='bbox 1136 1862 1220 1938; x_wconf 87' lang='lat' dir='ltr'>quod</span> <span class='ocrx_word' id='word_1_75' title='bbox 1236 1855 1293 1922; x_wconf 84' lang='lat' dir='ltr'>vix</span> <span class='ocrx_word' id='word_1_76' title='bbox 1316 1877 1376 1923; x_wconf 83' lang='lat' dir='ltr'>sex</span> 
     </span>
     <span class='ocr_line' id='line_1_12' title="bbox 490 1976 1375 2053; baseline 0 -15"><span class='ocrx_word' id='word_1_77' title='bbox 490 1977 568 2038; x_wconf 88' lang='lat' dir='ltr'>solia</span> <span class='ocrx_word' id='word_1_78' title='bbox 579 1977 650 2053; x_wconf 79' lang='lat' dir='ltr'>eJ&#39;us</span> <span class='ocrx_word' id='word_1_79' title='bbox 669 1976 778 2052; x_wconf 79' lang='lat' dir='ltr'>legere</span> <span class='ocrx_word' id='word_1_80' title='bbox 794 1978 987 2053; x_wconf 78' lang='lat' dir='ltr'>potuerim.»</span> <span class='ocrx_word' id='word_1_81' title='bbox 1000 1977 1057 2038; x_wconf 78' lang='lat' dir='ltr'>list</span> <span class='ocrx_word' id='word_1_82' title='bbox 1073 1976 1217 2052; x_wconf 83' lang='lat' dir='ltr'>proiecto</span> <span class='ocrx_word' id='word_1_83' title='bbox 1232 1977 1375 2038; x_wconf 84' lang='lat' dir='ltr'>maxima</span> 
     </span>
     <span class='ocr_line' id='line_1_13' title="bbox 490 2091 1372 2168; baseline -0.002 -16"><span class='ocrx_word' id='word_1_84' title='bbox 490 2092 585 2154; x_wconf 89' lang='lat' dir='ltr'>laude</span> <span class='ocrx_word' id='word_1_85' title='bbox 605 2093 737 2166; x_wconf 83' lang='lat' dir='ltr'>dignum</span> <span class='ocrx_word' id='word_1_86' title='bbox 756 2108 838 2168; x_wconf 89' lang='lat' dir='ltr'>opus</span> <span class='ocrx_word' id='word_1_87' title='bbox 851 2091 942 2164; x_wconf 91' lang='lat' dir='ltr'>illud,</span> <span class='ocrx_word' id='word_1_88' title='bbox 961 2094 1071 2167; x_wconf 89' lang='lat' dir='ltr'>utpote</span> <span class='ocrx_word' id='word_1_89' title='bbox 1086 2091 1169 2167; x_wconf 87' lang='lat' dir='ltr'>quod</span> <span class='ocrx_word' id='word_1_90' title='bbox 1188 2091 1372 2166; x_wconf 84' lang='lat' dir='ltr'>juventutis</span> 
     </span>
     <span class='ocr_line' id='line_1_14' title="bbox 491 2205 1374 2284; baseline -0.001 -17"><span class='ocrx_word' id='word_1_91' title='bbox 491 2206 705 2284; x_wconf 85' lang='lat' dir='ltr'>petulantiam</span> <span class='ocrx_word' id='word_1_92' title='bbox 731 2206 902 2282; x_wconf 81' lang='lat' dir='ltr'>aetatisque</span> <span class='ocrx_word' id='word_1_93' title='bbox 915 2207 1018 2280; x_wconf 83' lang='lat' dir='ltr'>magis</span> <span class='ocrx_word' id='word_1_94' title='bbox 1032 2206 1102 2280; x_wconf 84' lang='lat' dir='ltr'>jam</span> <span class='ocrx_word' id='word_1_95' title='bbox 1122 2205 1260 2266; x_wconf 86' lang='lat' dir='ltr'>firmatae</span> <span class='ocrx_word' id='word_1_96' title='bbox 1281 2205 1374 2267; x_wconf 90' lang='lat' dir='ltr'>dotes</span> 
     </span>
     <span class='ocr_line' id='line_1_15' title="bbox 490 2318 1374 2396; baseline -0.005 -14"><span class='ocrx_word' id='word_1_97' title='bbox 490 2322 637 2392; x_wconf 88' lang='lat' dir='ltr'>denotet;</span> <span class='ocrx_word' id='word_1_98' title='bbox 656 2318 711 2379; x_wconf 89' lang='lat' dir='ltr'>sed</span> <span class='ocrx_word' id='word_1_99' title='bbox 733 2319 821 2380; x_wconf 92' lang='lat' dir='ltr'>nullo</span> <span class='ocrx_word' id='word_1_100' title='bbox 837 2320 932 2395; x_wconf 88' lang='lat' dir='ltr'>pacto</span> <span class='ocrx_word' id='word_1_101' title='bbox 955 2318 1026 2378; x_wconf 84' lang='lat' dir='ltr'>fieri</span> <span class='ocrx_word' id='word_1_102' title='bbox 1047 2319 1154 2396; x_wconf 89' lang='lat' dir='ltr'>potest</span> <span class='ocrx_word' id='word_1_103' title='bbox 1168 2320 1292 2378; x_wconf 83' lang='lat' dir='ltr'>uicum</span> <span class='ocrx_word' id='word_1_104' title='bbox 1310 2319 1374 2379; x_wconf 88' lang='lat' dir='ltr'>ele-</span> 
     </span>
     <span class='ocr_line' id='line_1_16' title="bbox 490 2434 1373 2518; baseline -0.003 -22"><span class='ocrx_word' id='word_1_105' title='bbox 490 2435 682 2518; x_wconf 84' lang='lat' dir='ltr'>gantissima</span> <span class='ocrx_word' id='word_1_106' title='bbox 703 2434 846 2496; x_wconf 90' lang='lat' dir='ltr'>Petronii</span> <span class='ocrx_word' id='word_1_107' title='bbox 865 2435 967 2496; x_wconf 90' lang='lat' dir='ltr'>satira</span> <span class='ocrx_word' id='word_1_108' title='bbox 989 2434 1198 2510; x_wconf 84' lang='lat' dir='ltr'>comparetur</span> <span class='ocrx_word' id='word_1_109' title='bbox 1218 2435 1310 2508; x_wconf 89' lang='lat' dir='ltr'>cujus</span> <span class='ocrx_word' id='word_1_110' title='bbox 1332 2434 1373 2494; x_wconf 91' lang='lat' dir='ltr'>ad</span> 
     </span>
     <span class='ocr_line' id='line_1_17' title="bbox 490 2513 1465 2625; baseline -0.002 -15"><span class='ocrx_word' id='word_1_111' title='bbox 490 2549 659 2625; x_wconf 83' lang='lat' dir='ltr'>exemplar</span> <span class='ocrx_word' id='word_1_112' title='bbox 684 2548 854 2609; x_wconf 88' lang='lat' dir='ltr'>Barclaius</span> <span class='ocrx_word' id='word_1_113' title='bbox 885 2564 919 2610; x_wconf 90' lang='lat' dir='ltr'>se</span> <span class='ocrx_word' id='word_1_114' title='bbox 949 2545 1207 2610; x_wconf 59' lang='lat' dir='ltr'>informavitcet</span> <span class='ocrx_word' id='word_1_115' title='bbox 1235 2547 1374 2622; x_wconf 80' lang='lat' dir='ltr'>vestigia</span> <span class='ocrx_word' id='word_1_116' title='bbox 1464 2513 1465 2567; x_wconf 33' lang='grc' dir='ltr'><strong>ἶ</strong></span> 
     </span>
     <span class='ocr_line' id='line_1_18' title="bbox 488 2664 808 2738; baseline -0.006 -14"><span class='ocrx_word' id='word_1_117' title='bbox 488 2665 584 2738; x_wconf 81' lang='lat' dir='ltr'>longe</span> <span class='ocrx_word' id='word_1_118' title='bbox 600 2665 732 2724; x_wconf 90' lang='lat' dir='ltr'>secutus</span> <span class='ocrx_word' id='word_1_119' title='bbox 748 2664 808 2724; x_wconf 91' lang='lat' dir='ltr'>est.</span> 
     </span>
     <span class='ocr_line' id='line_1_19' title="bbox 469 2770 1371 2856; baseline -0.003 -16"><span class='ocrx_word' id='word_1_120' title='bbox 469 2770 472 2776; x_wconf 78' lang='grc'><strong>’</strong></span> <span class='ocrx_word' id='word_1_121' title='bbox 531 2778 726 2841; x_wconf 81' lang='lat' dir='ltr'>censoribus</span> <span class='ocrx_word' id='word_1_122' title='bbox 738 2780 846 2840; x_wconf 89' lang='lat' dir='ltr'>autem</span> <span class='ocrx_word' id='word_1_123' title='bbox 867 2795 966 2854; x_wconf 89' lang='lat' dir='ltr'>quum</span> <span class='ocrx_word' id='word_1_124' title='bbox 980 2778 1231 2856; x_wconf 86' lang='lat' dir='ltr'>Euphormionis</span> <span class='ocrx_word' id='word_1_125' title='bbox 1247 2777 1371 2854; x_wconf 89' lang='lat' dir='ltr'>Satyri-</span> 
     </span>
    </p>
   </div>
   <div class='ocr_carea' id='block_1_3' title="bbox 490 2894 1464 3085">
    <p class='ocr_par' dir='ltr' id='par_1_3' title="bbox 490 2894 1464 3085">
     <span class='ocr_line' id='line_1_20' title="bbox 490 2894 1464 2971; baseline -0.003 -15"><span class='ocrx_word' id='word_1_126' title='bbox 490 2911 550 2956; x_wconf 90' lang='lat' dir='ltr'>con</span> <span class='ocrx_word' id='word_1_127' title='bbox 564 2910 629 2955; x_wconf 92' lang='lat' dir='ltr'>non</span> <span class='ocrx_word' id='word_1_128' title='bbox 642 2895 813 2966; x_wconf 83' lang='lat' dir='ltr'>caruisset,</span> <span class='ocrx_word' id='word_1_129' title='bbox 835 2894 920 2955; x_wconf 90' lang='lat' dir='ltr'>inter</span> <span class='ocrx_word' id='word_1_130' title='bbox 944 2910 1024 2970; x_wconf 86' lang='lat' dir='ltr'>quos</span> <span class='ocrx_word' id='word_1_131' title='bbox 1044 2895 1203 2971; x_wconf 89' lang='lat' dir='ltr'>pessimus</span> <span class='ocrx_word' id='word_1_132' title='bbox 1228 2894 1372 2970; x_wconf 87' lang='lat' dir='ltr'>quidam,</span> <span class='ocrx_word' id='word_1_133' title='bbox 1463 2913 1464 2918; x_wconf 44' lang='lat'>¹</span> 
     </span>
     <span class='ocr_line' id='line_1_21' title="bbox 490 3001 1464 3085; baseline -0.003 -15"><span class='ocrx_word' id='word_1_134' title='bbox 490 3009 614 3072; x_wconf 90' lang='lat' dir='ltr'>incerto</span> <span class='ocrx_word' id='word_1_135' title='bbox 623 3011 765 3084; x_wconf 88' lang='lat' dir='ltr'>nomine,</span> <span class='ocrx_word' id='word_1_136' title='bbox 776 3010 917 3085; x_wconf 87' lang='lat' dir='ltr'>scriptor</span> <span class='ocrx_word' id='word_1_137' title='bbox 931 3009 1103 3070; x_wconf 85' lang='lat' dir='ltr'>calumniis</span> <span class='ocrx_word' id='word_1_138' title='bbox 1117 3010 1284 3070; x_wconf 87' lang='lat' dir='ltr'>auctorem</span> <span class='ocrx_word' id='word_1_139' title='bbox 1297 3007 1372 3068; x_wconf 93' lang='lat' dir='ltr'>libri</span> <span class='ocrx_word' id='word_1_140' title='bbox 1463 3001 1464 3046; x_wconf 70' lang='grc' dir='ltr'><strong>ἓ</strong></span> 
     </span>
    </p>
   </div>
   <div class='ocr_carea' id='block_1_4' title="bbox 488 3123 1463 3661">
    <p class='ocr_par' dir='ltr' id='par_1_4' title="bbox 488 3123 1463 3661">
     <span class='ocr_line' id='line_1_22' title="bbox 489 3123 1373 3200; baseline -0.002 -16"><span class='ocrx_word' id='word_1_141' title='bbox 489 3126 684 3189; x_wconf 88' lang='lat' dir='ltr'>lacessisset.</span> <span class='ocrx_word' id='word_1_142' title='bbox 704 3125 894 3200; x_wconf 83' lang='lat' dir='ltr'>Apologiam</span> <span class='ocrx_word' id='word_1_143' title='bbox 930 3123 992 3184; x_wconf 89' lang='lat' dir='ltr'>sibi</span> <span class='ocrx_word' id='word_1_144' title='bbox 1018 3124 1275 3200; x_wconf 88' lang='lat' dir='ltr'>componendam</span> <span class='ocrx_word' id='word_1_145' title='bbox 1301 3137 1373 3183; x_wconf 89' lang='lat' dir='ltr'>esse</span> 
     </span>
     <span class='ocr_line' id='line_1_23' title="bbox 489 3223 1374 3315; baseline -0.005 -15"><span class='ocrx_word' id='word_1_146' title='bbox 489 3240 618 3302; x_wconf 88' lang='lat' dir='ltr'>censuit</span> <span class='ocrx_word' id='word_1_147' title='bbox 629 3239 810 3309; x_wconf 75' lang='lat' dir='ltr'>Barclaius</span> <span class='ocrx_word' id='word_1_148' title='bbox 831 3253 928 3315; x_wconf 86' lang='lat' dir='ltr'>quam</span> <span class='ocrx_word' id='word_1_149' title='bbox 946 3235 1063 3298; x_wconf 88' lang='lat' dir='ltr'>Carolo</span> <span class='ocrx_word' id='word_1_150' title='bbox 1083 3236 1284 3298; x_wconf 86' lang='lat' dir='ltr'>Emmanueli</span> <span class='ocrx_word' id='word_1_151' title='bbox 1306 3223 1374 3296; x_wconf 86' lang='lat' dir='ltr'>Ma-</span> 
     </span>
     <span class='ocr_line' id='line_1_24' title="bbox 489 3351 1463 3442; baseline -0.005 -26"><span class='ocrx_word' id='word_1_152' title='bbox 489 3371 553 3429; x_wconf 82' lang='lat' dir='ltr'>gno</span> <span class='ocrx_word' id='word_1_153' title='bbox 575 3354 657 3415; x_wconf 89' lang='lat' dir='ltr'>Duci</span> <span class='ocrx_word' id='word_1_154' title='bbox 677 3353 887 3428; x_wconf 80' lang='lat' dir='ltr'>Allobrogum</span> <span class='ocrx_word' id='word_1_155' title='bbox 910 3352 1062 3422; x_wconf 88' lang='lat' dir='ltr'>dicatam,</span> <span class='ocrx_word' id='word_1_156' title='bbox 1077 3352 1206 3414; x_wconf 90' lang='lat' dir='ltr'>tertiam</span> <span class='ocrx_word' id='word_1_157' title='bbox 1223 3351 1373 3428; x_wconf 82' lang='lat' dir='ltr'>Euphor·</span> <span class='ocrx_word' id='word_1_158' title='bbox 1462 3433 1463 3442; x_wconf 8' lang='grc' dir='ltr'>ἵ</span> 
     </span>
     <span class='ocr_line' id='line_1_25' title="bbox 488 3451 1463 3546; baseline -0.001 -19"><span class='ocrx_word' id='word_1_159' title='bbox 488 3469 606 3530; x_wconf 90' lang='lat' dir='ltr'>mionis</span> <span class='ocrx_word' id='word_1_160' title='bbox 618 3470 744 3545; x_wconf 90' lang='lat' dir='ltr'>partem</span> <span class='ocrx_word' id='word_1_161' title='bbox 755 3467 884 3544; x_wconf 86' lang='lat' dir='ltr'>quidam</span> <span class='ocrx_word' id='word_1_162' title='bbox 898 3451 1163 3528; x_wconf 82' lang='lat' dir='ltr'>essevoluerunt.</span> <span class='ocrx_word' id='word_1_163' title='bbox 1176 3465 1274 3544; x_wconf 84' lang='lat' dir='ltr'>Cujus</span> <span class='ocrx_word' id='word_1_164' title='bbox 1283 3481 1373 3527; x_wconf 90' lang='lat' dir='ltr'>sum·</span> <span class='ocrx_word' id='word_1_165' title='bbox 1462 3485 1463 3546; x_wconf 52' lang='grc' dir='ltr'>ᾗ</span> 
     </span>
     <span class='ocr_line' id='line_1_26' title="bbox 488 3583 1371 3661; baseline -0.001 -17"><span class='ocrx_word' id='word_1_166' title='bbox 488 3587 629 3645; x_wconf 82' lang='lat' dir='ltr'>maeret</span> <span class='ocrx_word' id='word_1_167' title='bbox 647 3587 682 3645; x_wconf 90' lang='lat' dir='ltr'>ut</span> <span class='ocrx_word' id='word_1_168' title='bbox 696 3585 899 3661; x_wconf 90' lang='lat' dir='ltr'>propositum</span> <span class='ocrx_word' id='word_1_169' title='bbox 922 3583 1109 3658; x_wconf 86' lang='lat' dir='ltr'>explicaret,</span> <span class='ocrx_word' id='word_1_170' title='bbox 1132 3584 1371 3660; x_wconf 87' lang='lat' dir='ltr'>conflatamque</span> 
     </span>
    </p>
   </div>
   <div class='ocr_carea' id='block_1_5' title="bbox 526 3734 956 3803">
    <p class='ocr_par' dir='ltr' id='par_1_5' title="bbox 526 3734 956 3803">
     <span class='ocr_line' id='line_1_27' title="bbox 526 3734 956 3803; baseline 0 -17"><span class='ocrx_word' id='word_1_171' title='bbox 526 3734 533 3764; x_wconf 84' lang='lat'><strong>¹</strong></span> <span class='ocrx_word' id='word_1_172' title='bbox 548 3735 696 3789; x_wconf 80' lang='lat' dir='ltr'>Introdurtr&#39;o</span> <span class='ocrx_word' id='word_1_173' title='bbox 711 3739 734 3788; x_wconf 78' lang='lat' dir='ltr'>in</span> <span class='ocrx_word' id='word_1_174' title='bbox 759 3738 833 3789; x_wconf 70' lang='lat' dir='ltr'>nom.</span> <span class='ocrx_word' id='word_1_175' title='bbox 852 3753 956 3803; x_wconf 66' lang='lat' dir='ltr'>rer-riom.</span> 
     </span>
    </p>
   </div>
   <div class='ocr_carea' id='block_1_6' title="bbox 0 0 1476 5228">
    <p class='ocr_par' dir='ltr' id='par_1_6' title="bbox 0 0 1476 5228">
     <span class='ocr_line' id='line_1_28' title="bbox 0 0 1476 5228; baseline 0 1"><span class='ocrx_word' id='word_1_176' title='bbox 0 0 1476 5228; x_wconf 95' lang='lat' dir='ltr'> </span> 
     </span>
    </p>
   </div>
  </div>
 </body>
</html>
