2940 5230
488 659 521 712 ti
708 671 748 712 ne
767 673 793 712 i.
814 671 964 716 aluenni
985 675 1151 718 innume

487 803 551 860 cali
577 803 654 866 sint,
681 805 926 864 attendendum.
961 805 1071 866 linitis
1102 809 1190 868 euim
1215 811 1380 885 placitum

486 925 547 990 est,
571 923 604 978 et
632 922 817 996 percrebuit
837 925 958 1000 opinio.
985 927 1154 986 subdetis
1185 927 1382 988 nominibus

487 1034 672 1094 Barclaimn
686 1037 719 1094 in
733 1043 909 1113 depende
925 1040 1113 1102 historicam
1132 1059 1202 1102 nem
1214 1044 1381 1117 attigisse,

486 1155 520 1210 et
541 1150 657 1210 Gallici
673 1155 767 1225 regni
790 1161 897 1215 molus
923 1157 1097 1234 civiliaque
1115 1157 1202 1218 bella
1222 1159 1382 1218 oratione

486 1265 626 1338 figurata
645 1268 899 1341 exprompsisse.
922 1267 1068 1340 Quorum
1096 1270 1123 1328 si
1146 1271 1271 1330 rationi
1298 1273 1382 1332 fides

485 1374 669 1440 adhibenda
683 1376 737 1440 sit.
759 1376 799 1436 de
815 1379 1003 1440 nominibus
1022 1382 1217 1456 argenidaeis
1243 1383 1382 1442 minime

488 1495 609 1569 ambigi
623 1497 739 1571 polest.
753 1495 877 1574 Nempe
892 1500 1042 1560 volunta
1062 1500 1234 1561 Poliarcho
1247 1506 1382 1564 Herm·

488 1629 568 1673 cum
581 1620 759 1694 Quartum,
769 1639 790 1682 a
803 1622 992 1686 Meleandro
998 1629 1195 1686 Helii-ictuc
1209 1626 1378 1688 retinam

490 1750 510 1794 n
533 1735 705 1811 Lycogene
719 1735 845 1792 Ducem
869 1734 1300 1804 Guisium,aB1·it0mande
1317 1735 1380 1793 An·

489 1854 622 1915 tonilum
649 1852 870 1922 Herdonium,
891 1870 911 1914 n
935 1853 1199 1930 Commindorige
1214 1859 1377 1917 Allobro-

488 1989 572 2048 pum
594 1977 732 2039 Duceni,
748 1972 790 2032 ab
820 1972 935 2032 Arsida
960 1977 1089 2034 Dioeem
1117 1976 1328 2046 Ruminalem,
1356 1987 1376 2030 a
1447 1999 1448 2016 κ

489 2089 694 2150 Radirohane
705 2092 961 2164 Hispaniarum
974 2105 1103 2165 reperit.
1120 2105 1141 2150 a
1156 2089 1271 2150 Sicilia
1292 2093 1376 2152 Gnl·

445 2175 450 2184 ⁵
489 2202 545 2266 lde
571 2220 727 2279 reanum,
757 2220 777 2264 n
803 2202 913 2266 Gallia
945 2207 1151 2266 Nacnrram
1179 2205 1370 2278 significari,

488 2323 617 2399 aliaque
637 2323 738 2382 multa
759 2322 875 2382 eodem
896 2322 993 2384 modo
1014 2322 1286 2396 interpretantur.
1304 2320 1371 2382 lmo

487 2437 757 2500 *um
791 2439 923 2514 quidem
956 2453 1026 2498 rem
1055 2437 1218 2500 adducere
1245 2438 1369 2509 liment,
1427 2477 1435 2500 0

487 2555 521 2612 et
532 2567 738 2612 communem
753 2555 899 2614 omnium
912 2570 1045 2616 sensum
1060 2571 1119 2630 pro
1133 2554 1368 2614 nillilcducunt

488 2664 684 2726 utlahulam
707 2669 818 2740 aptent
842 2667 999 2730 historiae.
1017 2668 1101 2729 Nam
1124 2685 1224 2745 quum
1247 2669 1367 2728 nullam

490 2779 631 2840 Henrico
643 2780 752 2842 Tertio
768 2782 866 2844 luisse
882 2785 1016 2860 stirpem
1028 2787 1167 2856 constet,
1176 2783 1364 2858 Argenidem

488 2896 541 2959 vel
568 2919 585 2953 e
606 2897 809 2961 deficientem
830 2900 863 2959 in
892 2899 994 2961 Henri
1009 2901 1119 2960 Tertio
1146 2901 1292 2976 stirpem,
1316 2899 1366 2960 vel

488 3037 505 3069 ι
525 3015 624 3076 eiiam
637 3015 776 3076 alterum
800 3015 842 3076 ab
862 3033 938 3092 rege
963 3018 1105 3077 locuma
1129 3015 1233 3076 tribus
1247 3014 1366 3074 aemulis

488 3151 501 3182 n
525 3127 686 3200 Navarr0‚
703 3129 893 3191 dienssonio
906 3135 938 3190 ei
951 3129 1067 3191 Guisio
1080 3129 1196 3190 callide
1205 3129 1335 3205 petitum
1351 3152 1363 3182 n
1446 3147 1447 3150 ¹

485 3260 558 3306 esse
572 3245 782 3306 contendunt.
800 3246 992 3334 Poliarchus
1018 3263 1107 3313 vern,
1133 3261 1229 3322 quem
1256 3245 1362 3306 Henri-
1446 3317 1447 3346 1

486 3377 559 3422 cum
574 3361 734 3435 Quartum
761 3365 885 3423 reterre
905 3363 1030 3433 dicunt,
1058 3365 1112 3441 qui
1145 3364 1192 3432 fit,
1214 3367 1250 3424 ut
1273 3365 1363 3424 simul·

488 3477 683 3555 Esparnonii
707 3477 832 3538 Ducem
847 3477 971 3538 referre
997 3481 1130 3555 possiti
1152 3480 1233 3554 Quid
1260 3482 1357 3542 minus

490 3591 645 3652 credibile
660 3609 792 3652 rursum
816 3608 913 3670 quam
939 3593 1146 3658 Poliarchum
1163 3600 1196 3658 et
1211 3597 1359 3658 Archon-

491 3706 631 3781 brotum,
649 3709 793 3769 consiliis
810 3709 966 3786 lactisque
980 3713 1139 3785 diversos.
1150 3713 1206 3772 uni
1222 3729 1356 3789 personae
