2974 5222
337 677 381 720 ns
403 676 444 721 aa
469 678 614 723 remmon
639 677 671 722 m
694 679 856 742 naen-urus
1008 670 1043 722 73

158 825 234 886 quae
248 810 403 870 exoriens
417 809 499 870 tanti
521 809 685 884 supercilii
711 809 780 880 iuil,
798 825 863 869 non
880 825 967 884 aegre
983 811 1046 870 sol-

158 925 278 985 ventur
299 923 320 982 ¹.
346 903 367 976 »Ι

197 1041 318 1118 incepti
333 1041 435 1126 nostri
450 1055 515 1100 non
530 1043 580 1100 est
591 1039 765 1114 diiigenter
776 1043 977 1116 perscrutari
997 1058 1038 1102 an

156 1157 266 1218 omnia
279 1173 349 1233 quae
373 1156 536 1216 Riclrelius
552 1140 691 1216 edixerit
716 1160 751 1217 ut
765 1173 858 1225 novae
874 1157 948 1218 iidei
975 1161 1039 1219 stu-

156 1274 265 1333 diosos
276 1273 317 1333 ad
331 1288 442 1348 pacem
458 1271 620 1347 publicam
634 1273 834 1347 conciliaret,
845 1274 875 1332 in
892 1273 976 1334 hanc
992 1273 1039 1333 lb-

154 1389 307 1449 burranis
322 1389 483 1449 rationem
498 1389 573 1464 apte
591 1388 761 1462 quadrent.
779 1387 855 1459 Sed,
874 1389 907 1447 ni
931 1389 1037 1460 fallor,

154 1505 240 1565 haud
258 1504 466 1564 dissimilibus
478 1502 623 1574 ¹consiliis
638 1517 706 1561 rem
721 1501 821 1575 gessit
836 1501 889 1561 ille
907 1503 959 1578 qui
976 1503 1038 1562 Ru-

154 1621 270 1698 pellam
281 1621 374 1697 cepit.
386 1618 570 1680 Rebellibus
582 1618 669 1678 enim
681 1609 828 1689 devictis
845 1635 944 1695 quum
958 1637 974 1679 o
990 1635 1038 1680 re-

154 1737 272 1811 ligione
285 1738 369 1797 ortis
379 1736 472 1798 bellis
483 1735 578 1795 linem
592 1734 723 1795 lecisset
733 1735 875 1795 edictum
883 1735 1037 1797 Nemausi

154 1821 393 1930 promulgatum
410 1849 524 1928 (1629),
540 1848 705 1909 Ricbelius
722 1844 1039 1913 Calvinistisliberos

151 1971 236 2030 ritus
265 1969 426 2044 praestitit,
456 1965 664 2040 ecclesiaeque
694 1955 959 2026 constitutionem
986 1966 1038 2025 in-

150 2085 306 2145 violatam
334 2084 473 2170 reliquit,
489 2081 617 2142 abunde
640 2084 731 2142 ratus
756 2098 869 2142 eorum
885 2084 913 2142 si
928 2083 1038 2142 dirueu

151 2202 266 2260 rentur
290 2201 418 2276 oppida,
441 2200 583 2274 ipsisque
603 2177 689 2258 omni
718 2196 877 2257 derebus
900 2197 1037 2273 publicis

150 2317 315 2378 communi
340 2315 573 2376 deliberatione
597 2303 858 2374 interdiceretur.
887 2314 1036 2377 Proiecto

150 2449 217 2494 non
232 2432 373 2492 alienum
389 2430 457 2502 luit,
472 2433 507 2490 ui
518 2429 826 2519 subigerenturffieos
842 2446 858 2486 «
875 2429 1036 2488 bonorum

150 2549 270 2610 aditu»
288 2549 451 2624 praecludi.
464 2545 618 2607 Nonnulli
633 2560 739 2604 sane«
758 2544 869 2604 liberis
881 2545 948 2605 suis
964 2561 1037 2606 con-

148 2665 304 2735 sulentes
335 2662 501 2737 magistris
533 2676 588 2721 eos
622 2660 829 2720 tradiderunt
864 2677 922 2737 per
951 2677 1034 2737 quos

150 2779 359 2840 erudirentur
382 2794 424 2838 ex
437 2777 537 2837 veteri
559 2791 659 2846 more,
678 2777 891 2852 viverentque
904 2778 937 2835 in
949 2778 1036 2850 regia

151 2891 288 2968 gratiusi
317 2915 332 2947 ›>
349 2892 425 2953 Illos
450 2894 559 2952 tamen
575 2891 712 2951 comiter
727 2890 848 2950 babere
872 2891 1036 2951 Riohelius

150 3029 218 3074 non
243 3011 412 3080 dubitavit,
430 3013 462 3070 et
486 3007 641 3085 quosdam
657 3004 1033 3080 exercitibus-praelecii,

151 3129 217 3187 imo
262 3127 295 3185 in
333 3103 541 3186 Academiam
573 3103 665 3207 suam
696 3123 833 3197 accepit.
875 3120 941 3181 Nec
979 3136 1036 3196 per

152 3260 226 3304 eum
266 3243 354 3302 stetit
393 3239 564 3317 quominus
608 3239 850 3300 inimicitiarum
893 3240 1035 3299 civilium

151 3357 289 3431 vestigia
321 3355 478 3432 paulatim
512 3355 731 3415 abolerentur.

194 3471 408 3540 Postremum,
428 3487 492 3531 non
513 3463 684 3532 minimum
706 3476 826 3546 tamen,
843 3472 958 3533 vitium
973 3489 1036 3548 quo

392 3637 400 3668 r

191 3701 197 3729 ¹
214 3706 229 3753 J
257 3702 385 3754 'Bniicnnn
397 3703 508 3770 Arpenr's.
521 3704 577 3754 Lib.
594 3705 628 3754 11.
649 3672 703 3755 css.
