2974 5222
229 710 271 752 nu
282 710 419 774 nasuta,
431 711 473 752 uu
486 710 649 760 ressonis,
666 712 707 754 ou
720 711 817 754 srruo
830 710 1007 754 annuntius
1026 699 1058 756 aa

173 840 427 915 propositoapte
442 838 629 898 cohaereant
643 841 781 913 oportet.
796 839 869 900 Alia
878 833 1059 903 istiusmodi

173 954 326 1030 exempla
344 954 464 1015 reterre
485 954 647 1014 inlinitum
659 957 755 1014 esset.
777 952 869 1014 Mitto
890 955 960 1029 jam
980 971 1061 1015 nau·

173 1070 282 1144 fragia
301 1071 397 1144 atque
416 1069 554 1128 invicem
571 1070 693 1143 raptas,
711 1071 984 1145 recuperatasque
1006 1085 1061 1130 ar-

173 1187 278 1248 culas.
295 1186 387 1246 Mitto
403 1201 572 1244 sacrorum
588 1185 839 1260 descriptiones,
857 1189 888 1247 et
905 1188 973 1246 sive
993 1199 1061 1247 ma-

172 1317 315 1376 gnorum
331 1303 548 1372 exercituum,
571 1301 851 1388 sivesinguiorum
865 1301 1060 1380 bellatorum

175 1417 301 1493 praelia,
328 1417 512 1494 ducumque
538 1419 579 1478 ad
601 1418 736 1478 militem
760 1418 940 1488 orationes,
964 1417 1061 1477 belio-

174 1549 312 1609 rumque
336 1534 483 1594 insidias.
508 1532 629 1606 Quibus
654 1534 686 1594 in
704 1534 830 1594 cunctis
846 1531 1057 1600 ornamentis,

172 1649 258 1710 sicut
273 1654 421 1710 veterum
436 1665 542 1710 mores
556 1651 769 1726 institutaque
777 1649 818 1709 ad
833 1663 974 1724 unguem
989 1645 1059 1706 rede

172 1766 266 1838 didit,
300 1766 345 1826 ita
382 1764 462 1824 nibil
497 1765 664 1841 proprium
699 1763 872 1839 expressit,
918 1765 950 1824 et
985 1760 1057 1836 plus

173 1869 262 1940 curae
278 1880 420 1941 ostendit
438 1896 535 1956 quam
555 1882 675 1955 ingenii
699 1880 884 1940 Barciaius.
909 1877 1002 1940 Mitto
1026 1879 1058 1936 et

172 1995 290 2074 alienis
315 1971 580 2056 subnominibus
605 2013 708 2073 usque
732 1995 773 2056 ad
790 1994 887 2054 finem
915 1993 1057 2054 latentes

171 2101 344 2188 personae,
367 2114 464 2188 atque
477 2112 644 2188 inopinato
664 2113 803 2188 agnitas,
827 2113 860 2171 et
879 2112 989 2170 cetera
1010 2108 1058 2168 tiu

172 2227 304 2288 terariae
337 2228 507 2290 industriae
528 2229 668 2291 artificia
692 2246 711 2290 a
731 2229 847 2305 quibus
871 2229 948 2287 tunc
964 2225 1056 2286 auxi-

173 2344 252 2402 lium
267 2346 449 2427 praesertim
464 2346 608 2420 petiisse,
635 2362 702 2407 non
716 2346 786 2404 sine
798 2343 885 2417 vulgi
906 2357 1054 2412 assensu,

173 2459 323 2520 fictarum
341 2474 450 2520 rerum
474 2463 624 2521 auctores
647 2477 712 2521 non
727 2460 856 2520 nescius
878 2474 961 2518 sum.
989 2456 1057 2516 Has
1151 2495 1156 2504 ·

173 2577 282 2636 autem
295 2577 384 2634 artes
398 2591 514 2649 reuera
537 2575 623 2636 illius
643 2575 803 2652 temporis¹
814 2573 856 2634 ab
871 2572 1062 2663 bominibus

174 2692 348 2766 usurpatas
362 2691 473 2760 tuisse,
496 2693 532 2750 ut
550 2693 731 2768 propositos
746 2693 828 2752 iines
844 2706 1058 2766 assequeren-

172 2808 237 2874 tur,
269 2805 409 2866 traditur
438 2806 614 2866 memoriae.
640 2807 858 2882 Suppeditant
887 2809 1052 2881 exempta,

171 2923 258 2982 inter
284 2938 356 2998 quae
377 2938 633 2984 commemorare
649 2922 726 2983 libet
746 2921 910 2992 Ceruium,
934 2921 1058 2980 britan-

171 3055 250 3098 num
259 3039 449 3114 principem,
466 3039 520 3114 qui
534 3039 647 3100 eodem
663 3039 765 3100 i'erme
778 3025 924 3111 tempore
941 3033 1050 3112 (1623)

170 3168 243 3212 cum
258 3152 484 3227 Bucbingbam
500 3153 628 3224 comite,
647 3153 706 3213 sub
721 3153 796 3214 ticto
817 3153 948 3214 nomine
961 3151 1056 3226 galii-

170 3283 243 3328 cam
257 3263 579 3342 regiampenetravit.
598 3272 695 3343 atque
706 3267 762 3337 ibi,
786 3269 863 3328 dum
877 3268 1054 3328 saltatione

169 3377 265 3442 solita
300 3381 516 3442 movebantur
545 3383 642 3441 aulici
680 3385 841 3462 teriasque
870 3386 1055 3460 agitabant,

169 3500 242 3576 quis
274 3499 328 3559 ille
355 3500 443 3566 esset
465 3498 695 3573 ignorantibus
723 3501 882 3568 omnibus,
913 3502 1055 3564 nobilem

170 3615 311 3689 pueliam
326 3618 405 3676 tunc
420 3615 559 3690 primum
576 3618 814 3694 contemplatus
828 3623 877 3680 est
890 3635 988 3696 qnam
1004 3621 1057 3680 de-

170 3731 244 3790 inde
264 3732 420 3792 ducturus
431 3737 512 3794 erat.
528 3732 666 3794 Tantum
690 3735 781 3796 abest
801 3740 910 3798 antem
927 3740 962 3798 ut
976 3737 1054 3796 Bar-
