2940 5230
452 721 469 771 6
673 729 715 770 ΠΕ
734 729 758 769 J.
779 725 930 770 assensu
950 725 1116 769 Anaunion

452 863 555 923 donec
568 861 630 923 sibi
652 861 784 922 fortuna
807 859 949 921 secunda
962 857 1155 935 adspiraret,
1173 859 1205 918 et
1213 859 1342 934 prima-

450 981 544 1051 riam,
562 981 595 1040 in
608 979 698 1041 urbis
713 980 899 1054 Andegauae
920 979 1102 1055 gymnasio,
1122 977 1207 1054 juris
1231 979 1342 1039 civilis

452 1096 640 1157 cathedram
667 1095 826 1166 obtinuit;
853 1109 913 1154 nec
940 1093 1120 1159 minimam,
1141 1094 1253 1169 utpote
1281 1095 1341 1170 qui

451 1211 659 1273 doctissimus
673 1209 782 1282 tuerit,
794 1225 852 1285 per
865 1207 989 1285 aliquot
1003 1223 1107 1268 annos
1125 1208 1254 1268 laudem
1273 1209 1339 1270 sibi

436 1327 588 1403 peperit.
606 1325 697 1386 Tunc
711 1307 832 1396 autern,
845 1325 930 1385 edito
952 1324 1034 1384 libro
1059 1324 1110 1385 cui
1138 1324 1272 1385 titulus·
1286 1329 1341 1386 De

450 1455 560 1516 reparo
581 1439 613 1500 et
634 1443 746 1514 reputt
771 1438 940 1512 potestate
961 1443 1131 1500 aduersus
1151 1442 1341 1500 Baeticam.

450 1571 545 1628 notit,
568 1556 724 1628 Brutum,
742 1551 973 1616 Bouotteriunt
985 1555 1016 1616 et
1025 1558 1175 1628 reliquos
1194 1569 1340 1616 moitur-

452 1675 664 1740 odootocttos
696 1671 793 1748 paulo
821 1674 893 1748 post
917 1672 1001 1731 diem
1035 1687 1129 1731 suum
1160 1669 1250 1742 obiit,
1284 1671 1340 1730 vir

451 1787 584 1848 minime
606 1786 876 1858 contemnendus,
900 1786 968 1846 sive
993 1785 1033 1846 ad
1062 1785 1241 1857 scientiam,
1267 1785 1340 1846 siue

452 1901 493 1962 ad
507 1899 712 1963 dialecticam
727 1900 896 1978 respicias,
923 1901 1041 1977 quique
1064 1900 1223 1975 singulari
1238 1899 1340 1959 docu-

451 2019 560 2077 mento
574 2017 778 2088 constantiae,
795 2016 962 2089 intactam,
975 2014 1105 2077 turbida
1120 2016 1227 2086 aetate,
1239 2028 1338 2090 quam

454 2132 629 2208 de'regum
657 2135 733 2208 jure
757 2132 856 2194 semet
876 2135 1068 2209 susceperat
1084 2133 1270 2208 opinionem
1283 2147 1342 2192 ns-

454 2247 569 2324 quoad
589 2248 687 2310 finem
709 2249 786 2308 uitae
810 2248 959 2320 servavit,
980 2263 1041 2309 nec
1062 2249 1243 2310 doctrinam
1261 2265 1339 2311 mu-

453 2365 525 2424 tato
546 2364 627 2424 coelo
651 2364 800 2425 mutavit.
824 2363 999 2440 Postquain
1031 2364 1116 2424 enim
1144 2363 1246 2440 plebis
1278 2381 1341 2440 po-

453 2477 556 2538 tentia
574 2479 607 2537 in
631 2478 741 2538 Scotia
769 2478 1050 2564 suaccatholicam
1078 2479 1280 2553 religionem,
1305 2480 1341 2540 in

454 2591 561 2652 Gallia
595 2608 675 2652 vero
704 2542 1033 2654 Qmaxime
1066 2563 1166 2668 affligi
1197 2593 1337 2665 viderat,

452 2706 590 2784 pristina
616 2706 656 2766 de
672 2709 834 2768 sententia
851 2724 917 2769 non
939 2709 1089 2782 decessit,
1112 2711 1144 2769 et
1167 2710 1265 2784 regiae
1280 2726 1340 2786 po-

453 2821 581 2882 testatis
601 2821 720 2899 ubique
747 2839 819 2884 sese
833 2826 1017 2900 patronum,
1039 2826 1170 2901 propria
1197 2825 1339 2886 utilitate

451 2936 648 3014 posthabita,
665 2939 809 3015 praehere
823 2955 889 3000 non
901 2940 1035 3022 destitit.

494 3053 592 3114 Patre
607 3057 736 3116 mortuo
752 3053 864 3134 (1605),
880 3055 1062 3127 BarctaiuS,
1086 3073 1194 3133 qiuim,
1214 3056 1240 3115 si
1254 3055 1341 3131 Ery·
1382 3111 1387 3118 .

453 3171 557 3231 thraso
577 3171 786 3244 credendum,
804 3173 1074 3248 jurisprudentia
1100 3171 1206 3232 studia
1228 3171 1340 3248 spino-

453 3288 541 3348 siora
553 3289 652 3365 atque
665 3289 705 3350 ab
720 3291 808 3350 omni
822 3289 889 3351 sere
903 3289 1118 3350 delectatione
1130 3303 1235 3350 vacua
1249 3301 1338 3348 com-

452 3403 601 3480 perisset.
618 3419 715 3481 seque
730 3406 799 3480 jam
815 3405 855 3464 ad
877 3375 1013 3463 satiram
1038 3403 1255 3477 scribendam,
1269 3417 1336 3462 non

453 3515 522 3576 sine
546 3517 713 3577 hominum
737 3519 830 3579 laude
850 3518 1076 3593 convertisset,
1095 3518 1263 3596 praestanti
1286 3517 1337 3576 in-

455 3629 549 3704 genio
581 3631 751 3706 indulgere
779 3633 961 3710 litterisque
985 3633 1144 3694 inservire
1180 3603 1344 3706 decrevit,¹

456 3744 725 3830 periculosamid
740 3749 906 3823 temporis
919 3764 988 3808 rem
1002 3763 1101 3810 ausus
1116 3748 1335 3832 paucissimis·
