2940 5230
358 696 400 738 DE
419 696 443 738 J.
465 694 615 739 BARCLAII
634 697 708 738 VITA
946 691 978 742 13

90 793 325 902 appellavisset
348 839 353 883 :
374 823 631 885 Existimaveras
659 823 754 896 torte,
787 827 903 904 inquit,
935 830 976 890 ad

88 941 354 1015 ludimagistrum
369 940 555 1012 advenisse,
570 941 624 1016 qul
648 941 714 1000 tuis
731 943 877 1004 scientiis
892 946 977 1006 inter

91 1058 214 1117 tamem
228 1059 261 1117 et
284 1056 431 1130 argutias
448 1055 606 1116 uteretur.
627 1055 741 1136 Neque
761 1058 888 1133 longius
909 1076 977 1120 mo·

90 1175 196 1244 ratus
224 1186 285 1242 me,
307 1171 409 1232 veluti
433 1172 537 1232 atroci
559 1171 693 1233 fulmine
714 1174 916 1255 damnatum,
944 1178 977 1236 at

38 1300 40 1304 ·
90 1288 238 1348 exanimi
253 1303 370 1364 sopore
403 1290 629 1359 marcentem,
660 1289 746 1348 inter
777 1293 978 1351 mussantem

90 1402 251 1462 familiam
275 1417 419 1478 meaeque
445 1402 641 1464 temeritatis
668 1405 885 1465 accusatores
902 1406 978 1466 reli-

91 1517 188 1593 quit.¹
215 1539 255 1574 a.

139 1630 212 1691 Non
224 1631 401 1707 plurimum
414 1632 550 1694 interest
566 1634 675 1694 utrum
686 1633 774 1704 licta,
783 1649 826 1694 an
840 1634 942 1696 verah
951 1633 979 1694 is
992 1699 995 1708 Δ

91 1737 202 1798 verbis
220 1736 343 1799 reterre
358 1736 528 1800 Barclaius
551 1739 585 1799 iu
603 1740 713 1800 animo
727 1739 979 1801 hahueritSus-

92 1851 165 1913 licit
175 1855 211 1914 ut
227 1854 269 1913 ad
291 1869 401 1914 rerum
417 1855 635 1917 humanarum
661 1856 906 1918 similitudinem
919 1872 978 1918 ac-

96 1968 235 2030 cesserit
261 1971 293 2030 et
320 1970 470 2030 venalem
494 1985 668 2045 procerum
683 1970 824 2032 indolem
847 1986 980 2048 expres-

95 2084 186 2144 serit.
213 2083 312 2144 Multa
338 2084 466 2161 quidem
490 2100 533 2146 ex
559 2084 632 2145 aliis
654 2085 737 2146 locis
758 2085 876 2146 similia
902 2087 978 2162 eligi

92 2201 228 2276 possent
243 2199 370 2276 quibus,
396 2200 507 2261 satirae
531 2201 681 2262 libertate
703 2218 794 2276 usuc,
809 2202 977 2262 hominum

7 2287 9 2294 ⁵
92 2317 342 2392 animorumque
355 2301 466 2376 varios
477 2316 610 2379 habitus
626 2317 804 2390 effinxerit,
820 2320 852 2379 et
875 2319 978 2395 scrip·

91 2434 180 2491 iores
193 2447 291 2507 quum
311 2431 459 2516 veterum
474 2431 544 2496 tum
560 2433 780 2494 recentiorum
795 2435 979 2509 temporum

92 2499 361 2618 aemulatus&
383 2546 569 2622 qui,eedem
595 2546 727 2607 dicendi
750 2547 893 2618 ratione,
923 2565 980 2610 no-

94 2675 169 2720 men
192 2660 253 2720 sibi
269 2661 427 2722 lecerunt.
444 2661 523 2732 Iuro,
552 2663 658 2739 majus
685 2662 796 2724 nescio
826 2662 902 2739 quid
925 2679 978 2725 au·

95 2792 164 2849 sus,
181 2775 346 2851 politicam
365 2792 436 2842 rem
456 2776 618 2851 attingere
642 2793 708 2838 non
731 2776 906 2850 dubitarim
932 2780 976 2850 et,

92 2891 253 2967 poeticam
268 2905 346 2951 sane
372 2891 539 2952 licentiam
558 2907 733 2968 usurpans,
756 2892 816 2952 suh
836 2892 901 2954 levi
924 2910 980 2955 no·

95 3005 221 3065 minum
232 3007 408 3088 praetextu,
423 3005 608 3081 Philippum
621 3004 804 3065 Secundum
813 3005 979 3082 Hispaniae

95 3130 205 3193 regem
215 3117 375 3180 scelerum
388 3119 589 3180 conscientia
598 3120 979 3194 exagitatumnmbram·

97 3249 158 3309 que
177 3232 276 3293 Ducis
297 3233 415 3292 Albani
437 3248 551 3308 poenas
574 3234 712 3295 l'eritalis
732 3235 863 3295 dantem
882 3237 914 3297 et
938 3236 978 3297 ab

93 3347 307 3422 Egmondano
342 3345 465 3408 Comite
497 3348 686 3417 laceratam,
708 3350 742 3408 in
768 3365 900 3410 scenam
922 3351 979 3431 ad7

94 3460 201 3521 duxit.

133 3641 140 3671 ¹
159 3646 363 3698 Euenonurours
378 3648 500 3700 Luscum
514 3653 567 3700 sive
582 3651 697 3701 Joniuus
709 3645 980 3718 BanccanSctyrico'n.

96 3717 158 3767 Pars
175 3718 208 3776 11,
224 3735 251 3784 p.
265 3725 312 3768 165.
326 3720 514 3782 Amstelodemi,
531 3738 561 3776 ex
572 3722 668 3773 officina
682 3723 848 3788 Elzeviriaua‚
864 3730 925 3778 1658.
