2974 5222
356 669 459 736 uuae
481 667 655 712 uoanmrs
678 667 844 710 anaestoa
881 705 882 710 ,
1005 659 1039 713 79
1076 721 1079 730 1

151 801 378 862 animantibus
393 803 484 877 pejor
498 799 696 874 negligentia
706 764 847 860 'caecavit
873 808 893 858 ¹.
910 821 926 858 »
960 801 1040 862 Soli-

149 919 286 991 tariam,
310 917 586 994 philosophiaeque
608 916 749 976 deditam
766 917 865 976 vitam
878 931 1042 979 commen-

148 1033 262 1105 davit3
285 985 615 1108 sedff'im‘mortales
629 1047 701 1092 esse
714 1032 881 1093 bominum
900 1037 1037 1106 animos,
1054 1024 1057 1031 ’

147 1164 214 1208 neo
239 1163 290 1219 ne,
313 1148 472 1218 erederet,
496 1163 658 1224 nusquam
680 1147 842 1223 patefecit.
869 1147 1037 1226 Nusquam

147 1265 185 1323 in
201 1266 378 1338 Arpentue
390 1262 516 1338 Elysios
530 1277 672 1337 campos
684 1263 977 1339 nusquaminseros
991 1267 1038 1326 in-

91 1417 96 1426 ·
146 1379 277 1439 venias.
293 1377 327 1437 id
342 1381 450 1438 autem
461 1392 499 1437 eo
510 1377 613 1450 magis
628 1376 771 1438 notabile
785 1379 925 1452 videtur,
936 1384 1035 1458 quod,

146 1510 252 1571 quum
274 1494 373 1569 epioee
397 1491 491 1568 quasi
510 1490 629 1552 fabulae
651 1493 788 1568 speeiem
813 1510 929 1570 praese
952 1495 1037 1558 serat.

146 1613 316 1685 Araunia,
339 1609 457 1670 multas
480 1624 532 1669 res
554 1624 574 1669 a
595 1611 759 1687 proposito
780 1615 896 1692 *operis
911 1614 1037 1675 alienas

146 1727 372 1804 amplectitur,
402 1725 515 1802 quales
547 1727 579 1786 et
604 1725 643 1786 de
663 1727 800 1787 insaniae
813 1730 933 1801 causis
950 1733 981 1791 et
997 1732 1037 1791 de

147 1843 329 1921 Cyelopum
351 1843 494 1902 inventis
513 1841 641 1902 ossibus
654 1841 875 1916 digressiones
897 1862 969 1908 esse
990 1848 1038 1906 di·

147 1977 255 2022 oeres,
273 1957 363 2020 Adde
390 1959 655 2020 etiaminiinitas
678 1959 939 2022 caerimoniarum
968 1964 1038 2024 des-

147 2077 330 2151 criptiones
346 2075 473 2151 quibus
501 2075 533 2133 in
547 2074 675 2135 titulum
698 2080 880 2138 ornamenti
894 2095 1036 2155 usurpa-

148 2197 205 2268 us,
221 2209 286 2254 non
302 2194 436 2252 minima
463 2191 638 2252 voluminis
651 2207 728 2267 pars
741 2195 904 2271 impletur.
929 2196 1035 2270 Frigi-

150 2312 229 2372 dum
258 2311 368 2370 neseio
391 2309 467 2386 quid
496 2307 572 2368 inde
601 2310 704 2369 totum
720 2327 779 2386 per
801 2328 882 2388 opus
903 2318 1030 2374 manat.

73 2411 78 2421 ⁶
148 2429 235 2490 Nam
249 2431 464 2504 praeteruuam
485 2423 569 2508 quod
583 2434 664 2504 haec,
679 2432 814 2492 nimium
829 2429 963 2504 vulgata
980 2446 1033 2490 ve-

148 2543 336 2620 teribusque
356 2561 375 2604 a
402 2547 615 2623 scriptoribus
634 2547 808 2610 celebrata.
840 2547 960 2621 legenti
979 2546 1037 2607 ali·

149 2662 307 2736 quantum
323 2662 409 2722 taedii
418 2661 570 2732 afferunt,
586 2664 811 2724 nihilomnino
825 2663 865 2724 de
878 2663 1035 2738 religione

148 2777 435 2851 persuasissimum
473 2777 595 2837 habere
629 2777 759 2837 videtur
793 2780 919 2837 auctor.
948 2775 1033 2836 Nam

150 2889 272 2951 fatetur
284 2891 451 2951 bominum
467 2892 605 2956 animos,
626 2906 665 2949 ao
685 2891 866 2965 praesertim
888 2889 1035 2949 multitu-

148 3005 245 3078 dinis,
261 3005 356 3066 facile
371 3005 549 3079 grandibus
565 3007 596 3064 et
608 3004 744 3064 insuetis
758 3003 856 3064 rebus
868 3003 944 3062 deos
958 3017 1036 3062 auo·

151 3124 238 3181 tores
253 3121 378 3190 saeere;
402 3122 434 3178 et
452 3119 536 3179 unde
548 3119 704 3179 miracula
719 3118 797 3180 oriri
812 3119 948 3194 possint,
968 3133 1033 3176 non

151 3235 281 3311 illepida
300 3234 472 3295 Selenissae
493 3236 641 3294 oratione
664 3234 771 3294 docet.
802 3232 923 3308 Nempe
946 3236 1034 3308 post·

149 3367 246 3428 quam
273 3351 476 3412 Polierohus
516 3349 664 3412 muliebri
693 3351 812 3410 vestitu
840 3349 985 3420 indutus,
1014 3365 1032 3408 a

149 3465 318 3542 Lycopene
330 3439 445 3525 missos
461 3467 494 3525 in
507 3465 703 3540 Argenidem
719 3464 860 3540 pueliam
884 3464 1030 3535 sicarios,

279 3577 282 3583 ι
368 3569 387 3594 .

186 3687 235 3742 ²J.
252 3693 377 3742 Benenan
395 3691 511 3759 Aryeaie.
528 3693 585 3743 Lib.
614 3695 644 3751 V,
659 3711 680 3742 c.
698 3701 731 3743 12.
