2940 5230
461 709 477 764 [p
679 719 720 762 DE
739 719 753 760 J
758 746 763 758 ·
788 720 937 764 BARCLAH
958 721 1122 766 anulinum

460 847 606 912 minandi
632 847 718 910 sunt.
745 847 813 910 Hos
836 864 948 910 omnes
978 853 1164 922 assecutus,
1193 849 1358 912 refutatis

461 983 533 1044 quae
560 981 675 1042 parum
704 965 767 1025 ilde
791 964 888 1039 digna
910 965 1136 1036 tradebantur,
1161 965 1357 1026 incredibili

461 1081 609 1144 doctrina
623 1081 827 1156 virBaylius
839 1079 991 1156 quidquid
1008 1080 1104 1156 paulo
1119 1081 1240 1142 certius
1255 1085 1358 1142 esset

461 1203 495 1262 in
519 1200 577 1260 tali
603 1215 637 1260 re
657 1199 804 1259 attulisse
829 1200 873 1258 ita
896 1198 973 1257 milri
993 1198 1123 1259 videtur
1143 1201 1179 1260 ct
1193 1213 1266 1260 eum
1287 1198 1360 1258 du-

463 1331 533 1376 cem
548 1329 667 1388 magna
682 1317 833 1390 exparte
848 1313 1012 1388 elegerim.

503 1427 714 1504 Mussipontis
744 1430 850 1500 natus,
872 1443 959 1488 anno
978 1427 1151 1488 millesimo
1181 1428 1356 1504 quingen-

462 1547 579 1607 tesimo
601 1545 799 1620 octogesimo
826 1547 860 1606 et
888 1544 1043 1614 secundo,
1071 1546 1198 1620 patrem
1230 1543 1354 1605 babuit

461 1658 633 1719 Barclaius
666 1659 780 1720 noster
815 1658 1033 1734 Guglielmum
1065 1657 1270 1731 Barclaium‚
1301 1675 1351 1720 ex

461 1771 594 1848 antiqua
609 1771 781 1834 Scotorum
808 1772 928 1832 familia
951 1753 1071 1841 ortum,
1097 1772 1162 1849 qni,
1178 1789 1288 1849 quum,
1309 1778 1352 1835 ut

461 1886 636 1948 verisimile
655 1889 716 1960 est,
733 1887 873 1963 patriam
892 1886 979 1946 civili
995 1884 1135 1946 tumultu
1150 1887 1349 1947 aestuantem

460 2003 716 2082 religionumque
743 2002 885 2063 dissidiis
915 2002 1079 2074 vexatam,
1107 2003 1140 2062 et
1160 2001 1350 2062 litterarum

461 2134 556 2180 omne
573 2118 803 2179 commercium
823 2117 1005 2191 neglectum
1025 2131 1111 2190 aegre
1129 2114 1267 2188 tulisset,
1285 2116 1351 2177 Lu-

460 2234 573 2294 tetiam
599 2235 809 2308 migraverat,
833 2233 876 2302 et,
907 2232 1077 2306 postquam
1099 2232 1228 2292 Avarici
1247 2231 1349 2310 Cuja-

461 2349 546 2408 cium
561 2349 687 2425 dejure
702 2348 872 2408 docentem
890 2361 948 2420 per
962 2345 1086 2420 aliquot
1105 2359 1209 2406 annos
1234 2345 1348 2408 audie-

461 2464 525 2536 rat,
538 2464 579 2524 ab
596 2479 634 2525 eo
638 2462 905 2540 jnrisprudentiae
916 2461 1030 2522 doctor
1039 2461 1111 2522 erat
1123 2463 1343 2525 renuntiatus.

461 2577 541 2642 Mox
575 2579 701 2648 autem,
732 2574 848 2636 Carolo
874 2573 983 2635 Primo
1009 2574 1231 2650 Lollraringiae
1262 2576 1346 2638 duce
1386 2561 1388 2568 ’

463 2696 640 2762 suadente,
669 2691 703 2750 in
737 2689 911 2751 Academia
941 2688 1208 2766 Mussipontana,
1245 2707 1345 2769 quam

463 2813 616 2890 princeps
638 2806 825 2882 nuperrime
844 2805 1083 2866 institueratne
1105 2803 1215 2868 clerici
1236 2807 1345 2870 lutbe·

462 2941 617 2988 ranorum
654 2937 825 2983 numerum
854 2922 1011 2996 augerent
1042 2936 1152 2981 rerum
1183 2938 1344 2984 novarum

463 3041 623 3104 illecebris
637 3039 756 3110 allecti,
761 3037 846 3114 juris
859 3037 1028 3097 scientiam
1039 3036 1245 3113 professurus
1258 3038 1347 3100 blus·

460 3160 616 3235 siponlem
629 3155 781 3216 accessit.

502 3274 637 3334 ibicum
653 3271 801 3331 Annade
825 3268 1001 3342 Malavilla,
1025 3268 1112 3330 baud
1135 3265 1269 3343 ignobili
1289 3280 1345 3339 ge-

462 3404 541 3448 nere
554 3387 685 3456 femina,
700 3385 821 3461 nuptiis
835 3385 1021 3455 contractis
1044 3398 1179 3459 puerum
1201 3380 1346 3456 suscepit

462 3500 621 3562 loannem
637 3500 834 3570 Barclaium‚
856 3513 993 3575 eumque
1005 3498 1156 3560 Patribus
1171 3495 1345 3557 Societatis

461 3613 542 3675 Jesu
556 3613 767 3674 erudiendum
787 3612 933 3685 tradidit,
950 3613 1015 3689 qui,
1039 3629 1136 3689 quum
1155 3612 1189 3671 in
1212 3609 1344 3690 adoles-

463 3730 555 3789 cente
570 3741 728 3786 summam
749 3742 821 3786 esse
845 3726 965 3800 ingenii
980 3725 1177 3786 docilitatem
1192 3720 1343 3784 animad-
