2940 5230
335 727 381 768 on
399 727 423 768 J.
444 723 596 767 urrunnu
616 723 690 766 vnn
930 717 960 778 lp

73 869 138 942 uti,
156 881 249 944 paene
272 865 444 926 submovit.
466 862 523 924 Ille
538 863 571 922 in
584 839 747 923 communi
769 865 859 922 reste
879 865 961 935 erat,

72 987 109 1044 et
124 997 189 1059 per
207 980 339 1042 triclinii
356 980 459 1057 spatia
472 980 553 1041 satis
572 979 656 1038 truci
678 978 849 1054 majestate
881 977 968 1038 sere-

69 1099 189 1158 batur.
206 1097 274 1171 Ego
290 1097 324 1155 in
339 1110 446 1170 genua
459 1094 560 1155 decidi
578 1093 726 1170 supplent,
741 1095 784 1163 et,
800 1089 863 1152 nisi
877 1093 979 1168 quod.

31 1250 35 1255 -
70 1213 245 1290 precantis
260 1211 427 1273 humilitas
442 1211 476 1270 in
490 1211 708 1285 contemptum
718 1209 849 1281 transit,
861 1209 959 1268 etiam

69 1329 216 1404 vestigia
228 1327 423 1388 ambulantis
448 1327 504 1386 aut
527 1325 619 1384 vultu
639 1325 696 1383 aut
719 1324 816 1400 pallio
843 1323 961 1384 verris-

73 1459 160 1504 sem.
179 1443 221 1502 At
232 1443 375 1518 Juvenis
394 1441 487 1517 quus
507 1455 567 1514 ego
578 1453 764 1500 sermonem
778 1438 874 1515 paulo
889 1440 965 1499 ante

72 1559 298 1634 captaveram
309 1556 465 1617 audacius
480 1554 521 1615 ad
536 1553 745 1616 Doromisum
756 1555 858 1625 venit,
870 1569 966 1616 oscu-

74 1674 229 1748 latusque
245 1673 395 1732 dextram
412 1672 480 1730 tam
503 1669 639 1736 felicem,
662 1669 869 1746 lepidissimis
889 1686 963 1730 ver·

75 1789 189 1848 bisin
218 1787 306 1848 huno
331 1786 462 1875 modum
497 1786 673 1862 peroravit.
708 1805 723 1844 «
753 1785 793 1846 Et
822 1787 964 1847 ooelesti-

76 1904 141 1964 hus
157 1903 230 1975 diis,
250 1904 283 1963 et
300 1902 423 1963 nostris
445 1901 615 1962 destinatis
639 1900 827 1974 regionibus
849 1916 969 1978 paren-

78 2021 157 2079 dum
174 2020 238 2079 est.
255 2017 349 2078 Felix
371 2033 465 2094 quem
485 2018 626 2079 servitus
639 2015 784 2077 Deorum
803 2017 837 2076 in
854 2031 968 2078 veram

79 2131 268 2193 libertatem
291 2133 444 2193 asseruit.
463 2131 531 2208 Elgc
554 2133 710 2194 Fortunae
724 2131 852 2193 Numen
874 2133 906 2192 et
919 2147 971 2210 po

80 2249 218 2309 tentiam
233 2248 441 2322 Protagonis,
457 2249 554 2324 teque
568 2248 829 2324 dispensatorem
848 2247 969 2308 utrius-

83 2379 158 2440 que,
176 2379 304 2440 semper
329 2364 419 2425 veris
442 2364 622 2424 honoribus
653 2363 750 2436 colui,
776 2377 905 2438 semper
932 2363 967 2422 in
1049 2387 1057 2414 ι

84 2477 242 2538 familiam
270 2458 413 2539 vestram
447 2479 560 2539 uenire
591 2477 732 2537 adnixus
765 2493 853 2547 sum;
878 2479 969 2538 certe

85 2611 150 2654 non
164 2595 264 2662 invita
280 2594 434 2664 Fortuna,
463 2611 533 2670 quae
547 2593 626 2653 mihi
650 2594 711 2654 hoo
728 2593 909 2670 symbolum
930 2593 970 2653 ad
1004 2612 1011 2624 ·

87 2714 120 2770 te
134 2709 232 2780 dedit,
257 2711 293 2770 ut
312 2725 363 2770 me
383 2710 416 2769 in
441 2710 571 2771 domum
594 2726 699 2783 suam,
722 2713 754 2772 et
775 2711 972 2786 Protagonis

90 2824 271 2886 clientelam
286 2823 507 2895 adscriberes;
538 2827 580 2894 et,
596 2841 636 2885 ne
658 2826 762 2899 gratis
786 2826 818 2885 in
844 2827 969 2910 tantam

86 2939 291 3000 ascenderim
315 2941 447 3011 sortem,
471 2939 599 3015 utrique
625 2940 713 3002 mille
733 2941 840 3016 pondo
856 2943 970 3018 optimi

89 3055 193 3114 thuris
209 3069 317 3114 annua
333 3036 679 3131 devotionepromitto.
702 3075 720 3114 >›

129 3191 144 3223 «
158 3168 235 3229 Haec
250 3169 378 3241 effatus,
395 3169 543 3230 occlusos
558 3170 801 3247 diripuitsinus
814 3171 976 3237 extraxit=

91 3298 150 3362 que
163 3283 354 3343 mirantibus
370 3280 463 3344 nobis
476 3283 552 3346 Deae
567 3283 719 3345 Fortunae
735 3286 874 3358 signum.
892 3283 973 3350 Erat
1016 3317 1021 3330 ·

91 3401 194 3476 imago
209 3400 414 3476 Protagonis,
432 3417 474 3460 ex
493 3416 594 3475 aurea
614 3401 752 3477 planicie
777 3415 971 3476 exsurgens

92 3517 124 3576 in
138 3517 230 3592 cujus
248 3517 384 3576 dextera
406 3518 499 3592 parte
522 3517 678 3592 scriptum
692 3518 763 3576 erat
778 3519 919 3589 Decies;
940 3515 975 3583 in
1059 3566 1063 3578 .

93 3633 221 3694 sinistra
240 3649 318 3694 vero
346 3630 448 3696 inille.
475 3632 649 3710 Nunquam
671 3633 846 3694 humanior
869 3632 976 3696 Doro-

96 3749 202 3817 misus‚
226 3753 261 3809 ut
294 3751 406 3825 postea
433 3749 667 3820 intelleximus
685 3748 754 3808 suit.
772 3747 866 3809 Certe
892 3765 972 3826 por«
