2974 5222
454 655 459 664 ·
488 633 537 706 ti*
707 658 748 700 nu
767 658 791 698 a.
814 653 965 700 nuscum
989 655 1155 700 uacuatos

488 786 569 850 Nam
584 787 783 864 Nicopompo
799 786 922 846 fatente
938 801 1050 848 omnes
1070 802 1109 846 oo
1124 785 1193 847 sato
1209 786 1378 862 principes

488 907 576 964 viros
592 903 693 970 nasci,
711 903 747 962 ut
761 901 882 978 aliquid
899 902 1015 962 saitem
1031 917 1214 978 pennarum
1227 902 1273 962 ad
1291 902 1377 960 huno

486 1017 722 1082 blandientium
735 1017 858 1076 viscum
876 1017 1074 1094 relinquant,
1099 1016 1299 1088 Duoaihius‚
1318 1033 1377 1092 pu-

486 1134 578 1196 blicae
593 1133 638 1190 roi
655 1131 761 1191 studio
781 1134 899 1204 motus
917 1132 978 1191 hoo
995 1103 1095 1192 modo
1103 1133 1295 1208 respondet:

525 1269 541 1300 «
556 1246 864 1320 itauoroimprovidi
879 1247 977 1311 cives.
989 1247 1065 1306 dum
1077 1248 1204 1308 vilitate
1215 1245 1378 1308 laudandi

483 1365 704 1439 unusquisque
727 1377 864 1436 reguum
889 1363 969 1422 vitia
990 1363 1030 1423 ad
1047 1363 1227 1424 amicitiam
1248 1362 1379 1424 sollici·

483 1479 571 1546 tatis,
606 1475 778 1537 vossimui
815 1479 848 1534 et
878 1475 951 1536 iilos
977 1477 1180 1540 miserrimos
1204 1478 1281 1540 fieri
1316 1493 1379 1536 non

482 1596 622 1656 sentitis.
653 1595 779 1668 Quanto
802 1595 888 1654 anim'
912 1594 1118 1654 incommodo
1142 1598 1254 1656 vestro
1277 1597 1380 1669 impe·

482 1714 593 1802 rantes
609 1709 656 1798 ajo
671 1709 804 1784 tingitis,
823 1707 953 1784 nequid
968 1723 1024 1768 eos
1039 1708 1174 1784 pudeat;
1190 1711 1249 1770 sed
1267 1711 1374 1770 ticen-

482 1825 607 1886 tissime
628 1825 821 1883 assuescant
836 1823 960 1898 seipsos
976 1838 1087 1883 amare
1108 1826 1139 1884 et
1160 1825 1289 1898 mirari,
1317 1823 1376 1882 oti-

482 1959 545 2020 que
561 1945 733 2018 postquam
757 1939 812 2000 diu
832 1955 943 1998 omnes
960 1954 1072 2000 eorum
1097 1938 1236 2000 affectus
1264 1941 1376 2002 aduta-

483 2057 572 2116 tione
596 2058 626 2114 et
653 2052 824 2130 praeconiis
849 2042 1115 2114 consecravistis.
1139 2053 1217 2115 Iiios
1245 2059 1371 2124 autom,

482 2173 777 2246 quantumcumque
802 2167 863 2226 sibi
893 2167 1100 2240 salicosam,
1128 2186 1188 2244 rgo
1216 2170 1374 2248 iacrymis

482 2284 690 2358 dignissimos
706 2285 799 2358 puto;
826 2283 888 2342 nisi
909 2288 1118 2358 superessent
1140 2286 1191 2345 his
1212 2286 1375 2347 domesti·

482 2416 594 2463 corum
611 2398 747 2464 insidiis,
773 2401 806 2458 ct
820 2413 858 2457 aa
879 2402 986 2460 coiere
1006 2415 1045 2460 ao
1069 2403 1210 2477 probaro
1231 2404 1373 2464 solerter

482 2517 667 2587 instituant,
686 2532 750 2576 non
765 2532 836 2591 quae
849 2515 882 2574 in
898 2517 977 2592 ipsis
992 2517 1048 2576 aiii
1066 2519 1212 2590 laudant,
1227 2520 1284 2581 sad
1302 2533 1374 2597 quae

484 2634 545 2710 ipsi
557 2633 590 2693 in
601 2633 684 2694 aliis
698 2633 831 2694 Ceteros
844 2634 931 2694 enim
943 2633 1025 2694 adeo
1039 2649 1098 2694 sua
1108 2649 1254 2710 purpura
1268 2649 1374 2696 oocae·

484 2749 580 2819 cavit,
597 2750 632 2808 ut
648 2749 796 2811 nes'oiant
810 2749 894 2826 quod
910 2764 1006 2809 nemo
1022 2752 1140 2826 praetar
1154 2750 1214 2810 hos
1225 2749 1372 2824 ignorum

420 2863 429 2884 ⁸
484 2863 537 2942 qui
553 2879 670 2932 mores,
695 2880 767 2940 quaa
783 2863 901 2936 studia,
933 2865 1047 2940 quisue
1062 2865 1177 2925 modus
1204 2865 1293 2928 inter
1316 2867 1373 2926 ho-

484 2981 588 3040 mines
612 2979 743 3049 tamam,
770 2983 827 3040 aut
854 2980 990 3048 veniam,
1015 2981 1066 3040 vol
1090 2981 1229 3058 danique
1260 2984 1372 3044 odium

484 3093 578 3154 serat.
611 3093 697 3152 Proh
722 3091 865 3153 facinus!
899 3093 1156 3168 opulentissima
1186 3097 1374 3160 venationis

485 3223 588 3284 genus
612 3211 662 3269 est
681 3207 852 3285 ‘explorare
872 3208 1006 3270 intimos
1027 3225 1141 3284 regum
1165 3214 1283 3286 motus,
1310 3226 1373 3290 quo

485 3337 540 3384 eos
556 3325 685 3394 natura,
715 3339 779 3400 quo
803 3323 965 3401 cupiditas
981 3331 1084 3396 vocat,
1110 3342 1188 3388 mox
1203 3343 1270 3388 non
1296 3329 1371 3396 diis,

489 3453 555 3496 non
587 3438 773 3499 homiuibus
796 3440 976 3512 aestimatis,
1002 3443 1153 3518 quicquid
1176 3448 1290 3506 amant
1317 3443 1374 3506 ant

484 3549 599 3610 uolunt
614 3553 755 3629 impenso
772 3555 999 3616 commendare
1015 3574 1021 3628 ;
1047 3559 1097 3618 vol
1112 3561 1146 3620 ut
1160 3560 1371 3621 similitudine

483 3679 610 3725 morum
625 3667 721 3743 atque
735 3685 933 3743 sermonum,
953 3673 992 3732 iis
1007 3675 1137 3750 placeas
1151 3692 1158 3746 ;
1184 3677 1235 3737 val
1251 3679 1286 3738 ut
1301 3677 1370 3738 soi-
