2940 5230
254 711 297 753 uu
321 710 493 753 anuuniurs
523 709 817 755 inruaonsrarmns
944 703 977 756 st

81 858 199 904 arena
213 843 383 904 adorasset
400 844 480 905 deos
506 843 638 918 Siciliae,
654 844 844 906 Meleander
858 845 904 905 iili
919 861 980 906 ex-

84 958 197 1020 ¹terior
206 958 248 1018 ad
259 973 359 1034 equos
369 959 674 1038 deduxit‚quihaud
684 962 796 1038 procul
807 964 980 1038 utrumque

90 1074 327 1151 expectabant.
342 1075 420 1138 Inde
429 1080 543 1140 amicis
556 1081 637 1156 septi
648 1081 787 1157 primum
804 1079 839 1140 in
854 1079 979 1151 urbem,

93 1191 215 1252 deinde
230 1193 264 1252 iu
290 1207 399 1254 arcem
421 1198 567 1272 provecti
586 1198 675 1257 sunt.
696 1195 890 1272 Purpuratis
911 1194 982 1255 Me-

94 1308 226 1369 leandri
241 1325 329 1398 curae
352 1310 424 1382 fuit,
450 1314 487 1371 ut
510 1311 669 1373 Sardiniae
693 1310 903 1389 optimatibus
925 1312 983 1372 iiia

92 1440 234 1503 vespera
249 1426 333 1488 bene
355 1431 452 1490 esset.
475 1427 649 1489 Praebuere
667 1429 818 1490 certatim
828 1429 980 1506 hospitia,

92 1541 179 1608 adeo
191 1543 299 1603 omnis
313 1545 444 1618 generis
458 1543 576 1606 officiis
589 1543 765 1610 cumulata.
786 1545 823 1605 ut
836 1545 893 1606 vix
906 1541 980 1606 belli

97 1657 184 1734 quod
199 1658 339 1719 arduum
351 1657 505 1730 instabat,
522 1661 727 1722 meminisset
741 1659 903 1721 hilaritas.
919 1665 928 1696 ¹
945 1683 961 1715 ι

139 1772 259 1834 Nonne
272 1773 325 1835 hic
341 1775 460 1852 potius,
475 1776 609 1838 mutatis
629 1775 827 1847 nominibus,
847 1773 983 1836 Henrici

94 1890 198 1951 Tertii
207 1905 281 1950 cum
291 1888 436 1952 Henricu
445 1891 874 1969 Quartonotissimnmapud
884 1893 984 1952 Turo-

34 2016 37 2021 '
95 2023 178 2068 num
198 2007 372 2068 Plexitium
395 2009 592 2086 colloquium
614 2009 713 2086 paulo
739 2008 887 2070 ornatius
906 2001 984 2068 des·

99 2117 264 2184 cribituri
279 2121 322 2182 At
348 2121 589 2184 Radirobanem
619 2123 851 2201 Hispaniarum
872 2131 982 2198 regem

94 2255 170 2301 esse
183 2239 309 2300 dicunt!

139 2354 368 2417 Britomandes
379 2371 469 2428 veru,
484 2371 582 2434 aquo
595 2357 773 2420 Antonium
787 2355 984 2419 Borbonium

98 2470 280 2548 significari
298 2471 490 2546 pradicant,
504 2470 636 2532 Henrici
647 2471 748 2533 Tertii
758 2471 984 2548 effigiemfide·

97 2585 177 2646 liter
190 2586 314 2648 referre
331 2603 442 2650 nonne
456 2589 510 2649 bic
526 2604 654 2667 quoque
668 2587 820 2652 videtmt
836 2605 843 2650 :

141 2723 159 2755 α
189 2699 284 2761 Haud
311 2701 412 2763 multo
440 2703 513 2778 plus
540 2703 704 2765 sexdecim
731 2705 827 2766 annis
857 2703 988 2766 vixerat

99 2824 337 2906 (Poliarchus),
352 2844 452 2904 quum
478 2827 624 2888 animum
648 2827 695 2887 illi
710 2843 749 2888 ac
775 2827 862 2888 vires
877 2827 988 2888 matu-

97 2945 227 3006 ravisse
255 2945 325 3004 visa
356 2949 434 3005 sunt
459 2945 540 3015 sata,
570 2961 612 3004 ne
647 2958 758 3003 omnes
793 2941 985 3018 periremus.

98 3063 229 3140 Quippe
242 3061 535 3136 Commindorigem
549 3077 592 3122 ex
601 3059 702 3121 nimia
714 3060 808 3136 copia
822 3056 987 3118 fastidium

99 3178 236 3254 ceperat
244 3178 350 3238 nostri
362 3159 622 3253 obsequiiUitra
631 3171 988 3250 bonorumpatieniiam

99 3293 269 3360 saeviebat,
292 3292 417 3355 scelere
441 3292 597 3353 diuturno
623 3290 791 3359 audacior,
817 3287 989 3362 expertus·

98 3425 164 3488 que
177 3423 274 3486 quam
287 3409 393 3470 inulte
406 3405 632 3468 Britomandes
653 3405 775 3481 despici
796 3404 916 3482 posset.
939 3400 988 3462 Ad

101 3526 288 3586 extremum
303 3540 424 3586 nomen
439 3523 565 3599 regium
580 3523 667 3584 baud
684 3521 822 3584 obscure
845 3518 989 3598 optabat,

139 3689 192 3746 ¹J.
206 3697 337 3747 Bsncnan
361 3695 480 3763 Arpano.
500 3696 583 3761 Lngd.
598 3693 718 3744 Bat.'Ex
745 3693 842 3744 officina
863 3693 990 3744 Francisci

100 3767 205 3824 Hackii.
217 3769 291 3825 Amo
305 3773 367 3822 1⁶59.
386 3767 444 3817 Lib.
460 3767 498 3826 11.
518 3783 541 3817 c.
563 3771 598 3816 12.
