2974 5222
213 769 255 811 nn
270 768 404 823 rnaurn,
420 769 461 812 nn
474 769 636 825 passoris,
652 772 692 812 nn:
705 769 801 814 srruo
814 773 988 818 nnonnnns
1006 767 1041 818 89

153 903 194 962 'et
209 915 320 975 regum
341 901 456 960 otiioiis
473 887 617 976 ¹scriptor
638 902 706 976 ipse
722 902 850 962 sentiat.
870 903 945 964 ideo
960 905 1041 964 Bar-

155 1018 265 1087 piaius
281 1033 396 1093 parum
417 1020 510 1076 curat
531 1019 640 1076 utrum
656 1019 784 1077 actores
799 1019 956 1079 comicam
967 1036 1040 1095 per-

155 1148 272 1193 sonam
288 1136 377 1193 recte
392 1136 522 1206 gerant,
540 1148 654 1204 neone,
675 1133 849 1193 dummodo
871 1136 1039 1210 scriptoris

155 1249 277 1309 eruditi
301 1251 333 1308 et
347 1249 393 1307 rei
411 1247 548 1322 publicae
566 1247 659 1322 periti
687 1251 795 1321 partes
820 1247 901 1308 bene
921 1252 1038 1309 tuean-

154 1367 223 1423 tar.

199 1480 360 1539 Personas
390 1479 477 1555 ipsas
503 1493 707 1553 serenoque
731 1478 771 1537 ad
808 1471 1036 1546 antiquitatis,

154 1595 326 1668 nequead
354 1594 438 1653 sexti
465 1593 580 1652 deeimi
612 1592 712 1652 seouii
740 1595 909 1669 exemplar
935 1594 1039 1655 intor-

155 1714 261 1770 matas
277 1709 379 1770 video.
396 1711 501 1780 Quum
518 1708 605 1767 enim
625 1708 929 1768 commenticiarum
943 1709 1038 1768 sanu-

155 1827 263 1884 iarum
275 1825 451 1900 scriptores
464 1827 645 1899 temporum
656 1831 793 1883 'suorum
807 1824 976 1900 reiquales
989 1839 1036 1883 es·

155 1945 242 2013 sent,
259 1942 309 2001 rel
323 1941 435 2016 quates
451 1956 522 2000 esse
538 1940 739 2009 debuissent,
759 1954 867 1999 mores
884 1938 1037 2013 effingere

154 2073 285 2132 semper
299 2057 509 2117 adorirentur
528 2055 766 2130 inauditaeque,
788 2056 820 2114 et
839 2055 971 2115 minime
982 2071 1036 2114 ve-

154 2173 306 2232 risimiles
323 2189 376 2233 res
390 2173 614 2246 congererent,
636 2171 886 2248 recreandisque
903 2171 1037 2254 legenti·

153 2287 216 2347 bus
229 2288 409 2359 studerent,
420 2287 460 2346 iis
470 2287 820 2347 Barolaiusmonendis
833 2289 1035 2362 potissimum
1101 2361 1104 2366 ¹

154 2405 278 2464 studuit
297 2406 329 2463 et
351 2403 435 2464 faeta
454 2405 578 2464 tantum
601 2403 799 2476 excogitavit
821 2403 937 2479 quibus
963 2421 1035 2481 per-

154 2537 255 2592 sonae,
277 2536 434 2596 personas
450 2537 528 2580 vero
547 2520 664 2596 quibus
679 2520 814 2579 virtutes
840 2520 983 2597 vitiaque
1001 2523 1033 2580 in

151 2639 257 2696 iuoem
279 2637 545 2716 produeerentur.
563 2635 657 2708 Nam,
672 2650 786 2695 rerum
808 2637 842 2694 ut
860 2634 976 2707 fatear,
993 2637 1032 2696 ad

153 2753 331 2828 imaginum
347 2770 508 2813 vanarum
524 2755 630 2829 potius
646 2771 742 2830 qnam
762 2756 802 2816 ad
818 2753 1033 2812 animantium

154 2870 396 2932 similitudinem
409 2870 679 2944 exprimunturin
688 2875 863 2945 Arpentde
873 2871 1031 2930 homines.

152 2986 339 3059 Virtutum,
359 2988 573 3062 vitiorumque
587 2985 699 3046 inania
720 2987 895 3046 simulacra
914 2986 946 3044 in
968 3000 1035 3044 soe

153 3119 228 3188 nam
249 3104 459 3172 inducuntur,
483 3102 600 3178 quibus
620 3111 731 3178 partes
754 3103 936 3176 assignavit
952 3103 1033 3162 Bar-

152 3201 255 3283 olaius
274 3222 307 3280 in
337 3220 479 3280 medium
503 3219 690 3295 proferendi
714 3220 798 3296 quod
821 3217 972 3279 omnibus
993 3218 1033 3277 de

152 3337 249 3398 rebus
268 3337 336 3411 ipse
358 3336 474 3404 sentit;
498 3350 563 3394 non
586 3334 648 3393 viri
673 3337 792 3404 autem,
821 3349 885 3393 non
906 3331 1033 3392 feminae

152 3453 330 3527 loquuntur
354 3453 525 3524 aguntve:
559 3450 692 3510 umbras
717 3448 851 3524 spatiari
875 3450 1023 3523 putares.

134 3567 216 3629 Neo
236 3567 336 3626 muita
365 3566 593 3642 disquisitione
621 3583 702 3641 opus
731 3568 780 3625 est
795 3568 841 3634 ut,
863 3563 1027 3638 quaesiui,

150 3685 320 3758 appareat.

192 3797 242 3856 Sit
253 3797 294 3857 ab
309 3797 468 3870 Argenide
483 3797 564 3870 ipsa.
578 3795 805 3871 Selenissaque
816 3798 847 3855 et
863 3794 1030 3870 Hyanishe
