2940 5230
454 1345 575 1424 clem
597 1349 638 1423 II.

280 1593 333 1649 De
353 1589 549 1663 Argenidls
567 1589 813 1662 dispositione.

143 2020 235 2080 Sexti
258 2020 374 2080 decimi
390 2018 491 2080 seculi
518 2033 571 2078 res
586 2019 694 2092 gestas
708 2033 807 2095 quum
822 2019 856 2078 in
875 2022 986 2094 Arpe-

99 2139 181 2197 nlde
211 2134 398 2195 Barclaium
427 2133 569 2208 figurata
595 2134 744 2195 oratione
777 2134 989 2210 descripsisse

103 2251 236 2326 plurimi
251 2250 374 2326 opinati
386 2222 473 2321 sint,
497 2248 640 2310 tabulam
657 2250 863 2326 paucissimis
882 2250 990 2312 verbis

103 2366 312 2434 contrahere,
330 2367 438 2442 atque,
451 2367 487 2424 ut
506 2365 551 2425 ita
567 2365 684 2436 dicam,
697 2366 899 2427 narrationis
916 2381 992 2427 ossa

102 2498 268 2559 exponere
287 2495 570 2557 supervacaneum
590 2497 656 2542 non
676 2482 749 2554 erit,
767 2483 804 2542 ut
817 2481 895 2542 inde
909 2481 987 2558 quid

105 2601 189 2662 libro
205 2600 408 2676 significetur
422 2599 526 2674 magis
546 2598 675 2659 illustre
691 2598 744 2658 sit.

146 2717 196 2778 Ex
210 2718 353 2794 quinque
373 2716 520 2792 partibus
545 2717 674 2776 constat
700 2717 861 2790 Ardanis.
875 2714 942 2776 Nec
955 2715 989 2776 id

107 2835 234 2894 tantum
249 2848 322 2894 cum
345 2831 430 2892 bene
446 2831 605 2892 ordinatis
631 2831 801 2905 tragoediis
818 2846 990 2893 commune

108 2949 217 3010 hahet.
239 2949 333 3018 Nam,
351 2951 383 3009 et
397 2948 438 3009 ab
453 2948 546 3009 initio
560 2948 593 3006 in
604 2947 727 3007 medias
741 2963 795 3007 ras
815 2947 989 3017 trahimur,

110 3081 245 3144 quarum
265 3066 336 3126 haec
361 3081 488 3126 summa
520 3066 580 3126 est.
600 3061 800 3134 Meleander,
827 3064 989 3124 mitissimi

112 3181 228 3256 ingenii
242 3181 350 3253 hamc,
365 3179 486 3241 Siciliae
498 3197 570 3248 rex,
583 3196 683 3256 quum
699 3179 771 3255 plus
782 3180 872 3253 Justo
886 3193 991 3240 rena-

111 3300 157 3360 tui
171 3298 352 3368 indulserit,
370 3301 402 3358 et
424 3297 597 3358 immodice
623 3297 762 3372 largitus
788 3297 841 3364 sit,
858 3297 994 3357 horrue-

113 3415 215 3492 ritque
238 3431 258 3474 a
280 3414 432 3489 negotiis,
455 3413 638 3490 Lycogenis
663 3414 793 3475 insidiis
815 3415 993 3476 obnoxium

114 3532 232 3606 ipsese
257 3529 402 3590 tradidit.
420 3529 452 3590 Is
477 3531 599 3602 autem,
621 3532 738 3607 priscis
763 3531 895 3607 regibus
926 3547 994 3592 suae

117 3643 224 3720 stirpis
253 3646 444 3707 auctoribus
467 3645 574 3720 feror,
600 3647 633 3708 et
659 3663 828 3725 nunquam
858 3647 995 3708 secundi

116 3759 229 3834 gradus
243 3761 322 3822 satis
337 3763 477 3838 patiens,
493 3763 689 3838 Argenidem
707 3765 837 3825 unicam
855 3763 996 3825 Malean-
