2940 5230
357 733 398 774 uu
422 733 446 772 J.
470 731 620 775 usnemu
639 733 711 776 vrrs
946 727 977 780 l‘l

94 876 177 920 usus
192 862 241 920 est
257 875 355 935 quum
371 860 468 935 paulo
484 861 557 935 post
570 861 679 920 satirae
700 877 892 937 morumque
907 863 981 922 des-

92 976 252 1051 criptioni
272 975 430 1045 redditus,
452 979 588 1036 leonem
603 980 800 1037 animorum
817 977 980 1039 Ludovico

95 1091 210 1151 Tertio
221 1089 354 1152 Deoimo
365 1093 478 1150 nostro
492 1090 687 1163 dedicatam,
696 1092 814 1152 emisit.
825 1092 906 1152 Tum
919 1069 981 1168 pri·

93 1224 186 1268 mum
206 1207 304 1274 enim,
321 1207 410 1267 omni
431 1206 524 1266 larva
550 1211 661 1279 exuta,
677 1209 753 1284 quid
775 1209 815 1268 de
840 1209 980 1269 diversis

94 1321 236 1398 Europae
262 1321 412 1396 gentibus
432 1323 663 1398 hominumque
685 1323 829 1384 moribus
845 1324 981 1383 sentiret

94 1437 289 1513 simpliciter
308 1437 498 1508 declaravit,
516 1441 548 1498 et
562 1454 673 1498 acrem
690 1438 882 1514 populorum
902 1439 982 1497 ima-

94 1554 205 1628 ginem
237 1553 400 1628 expressit
427 1569 508 1629 quos
537 1553 590 1613 vel
617 1553 757 1612 aliorum
788 1554 980 1613 narratione

94 1670 149 1730 vel
173 1671 302 1746 privata
326 1671 562 1731 consuetudine
585 1671 733 1744 cognitos
748 1669 900 1730 babebat.
918 1669 981 1728 llx-

96 1787 225 1863 quisitae
240 1785 432 1862 subtilisque
451 1785 622 1860 elegantiae
641 1786 724 1845 liber
746 1788 806 1854 est,
824 1789 857 1846 et
879 1761 985 1860 scrip-¹

97 1903 368 1991 torumaliorum
387 1905 421 1962 iu
443 1904 505 1963 hoc
528 1917 649 1978 genere
664 1903 912 1963 commentarios
927 1920 981 1963 su-

97 2021 203 2096 perat.
221 2018 301 2078 Nam
324 2019 358 2078 in
371 2019 426 2078 illo
442 2035 506 2079 non
527 2019 622 2079 modo
642 2019 846 2090 gravissimae
866 2019 905 2077 de
925 2020 981 2092 ju-

96 2135 244 2196 ventutis
277 2135 482 2195 institutione
515 2134 696 2204 sententiae,
724 2133 981 2209 brevissimoque

97 2251 206 2326 spatio
221 2252 397 2310 contractae
411 2251 631 2327 reperiuntur,
647 2249 814 2309 sedetiam
830 2250 981 2325 proprius

97 2370 258 2443 cujusque
279 2369 384 2441 gentis
400 2367 529 2428 babitus
543 2367 700 2442 variaque
724 2366 910 2426 mortalium
934 2367 982 2424 in-

99 2483 191 2544 doles
210 2485 276 2544 tam
297 2483 470 2558 diligenter
489 2482 737 2554 adumbrantur,
750 2483 786 2542 ut
807 2481 916 2541 neseio
939 2496 981 2540 an

98 2598 275 2675 quidquam
288 2600 332 2658 sit
351 2599 508 2659 solertius
517 2599 738 2670 excogitatum
763 2596 981 2672 jucundiusve

99 2712 981 2791 dietumapudquemlibetejusdemaetatisseriptorem.

29 2899 32 2906 ,
101 2829 983 2903 Ubieuimnostratesmeliusdepinguntur‚eorumque

101 2945 195 3006 bonae
209 2949 266 3006 aut
284 2945 378 3004 malae
394 2946 481 3003 artes
495 2943 644 3002 callidius
664 2941 872 3016 explicantur
887 2956 983 3015 quam

103 3061 142 3120 iis
176 3059 283 3119 verbis
308 3059 436 3136 quibus
453 3060 480 3117 si
500 3057 639 3133 exempli
664 3055 769 3129 gratia
789 3057 897 3114 utetur
913 3054 982 3112 baeo
1057 3067 1059 3072 ·

104 3191 175 3235 mea
190 3175 377 3251 disputatio
393 3175 523 3234 veniam
540 3173 609 3232 tore
629 3171 755 3232 conlido
772 3187 779 3229 :

145 3290 273 3351 «Gens
302 3290 558 3368 igallioa)armis
587 3291 733 3351 strenua.
757 3285 812 3345 sed
839 3283 984 3361 equestri

105 3406 282 3468 certamine
324 3405 448 3471 melior,
485 3406 599 3477 ignara
632 3401 849 3478 perfidiae...
880 3398 984 3459 Nullis

104 3521 293 3582 mortalibus
319 3520 443 3580 indoles
458 3518 498 3578 ad
523 3518 662 3594 speciem
686 3516 789 3575 virilis
815 3515 986 3589 elegantiae

105 3638 207 3709 magis
227 3636 322 3696 iacta¹
363 3634 437 3694 Oris
459 3633 613 3718 intrepidi
635 3633 776 3706 babitus,
802 3635 984 3709 motusque,

107 3753 201 3828 atque
225 3754 346 3825 gestus,
368 3751 423 3827 qui
450 3750 553 3810 totum
576 3765 695 3826 corpus
724 3750 850 3810 decent.
873 3748 912 3809 Et
934 3749 986 3810 bie

892 3850 907 3900 2
