2940 5230
299 677 339 717 nn
360 667 563 719 nerduinus
584 679 617 719 rs
639 676 803 719 nnonsmn
958 663 992 724 57

96 804 260 866 omnibus
276 769 491 879 displicuerit
503 806 683 880 praesertim
694 822 792 881 quum
806 804 991 881 Lycogenes

97 920 325 982 oratiunculae
340 921 437 982 tinem
457 923 666 999 imposuisset
679 937 752 982 enm
769 921 991 996 eligendorum

97 1039 295 1114 principum
323 1053 447 1098 morem
479 1039 719 1114 comprobando
746 1037 800 1112 qui
829 1038 862 1096 in
891 1037 994 1096 sacris

98 1154 249 1216 comitiis
279 1157 438 1214 servatur.
462 1154 642 1214 Dunalbins
670 1155 769 1227 igitur
800 1140 993 1213 controverss

99 1272 190 1330 siam
217 1269 350 1340 dirimit,
367 1270 557 1346 nullumque
587 1269 649 1328 nisi
671 1268 907 1328 hereditarium
942 1285 992 1328 re-

102 1401 209 1460 gnum
229 1400 301 1444 esse
317 1399 413 1460 posse
437 1384 540 1452 (locet,
566 1384 781 1459 admonetque
804 1384 906 1444 muita
922 1399 993 1444 esse

104 1515 183 1576 quae
199 1499 416 1559 successionis
437 1498 608 1559 utilitatem
630 1497 829 1559 concilient:
849 1516 864 1553 «
884 1499 994 1574 impri-

107 1635 128 1674 >›
150 1615 212 1673 mis
247 1614 437 1689 optimatum
475 1612 712 1673 exarmandnm
739 1628 812 1672 esse
837 1614 993 1674 ambitum

106 1749 128 1786 »
150 1745 193 1788 ne
207 1729 240 1787 iu
250 1729 342 1803 regni
353 1745 442 1804 spem
456 1728 597 1789 audeant
617 1729 722 1805 ipsum
737 1743 846 1801 regem
857 1728 991 1788 violare.

107 1863 128 1903 s
150 1845 221 1915 Ast,
239 1843 291 1903 ubi
310 1843 442 1903 fortuna
457 1845 615 1918 regnandi
638 1844 739 1919 stirpe
752 1843 785 1902 in
798 1858 863 1902 una
882 1858 994 1903 conse·
1058 1886 1061 1893 .

107 1982 126 2014 >›
151 1959 271 2030 nnerit,
294 1957 377 2018 adeo
391 1972 505 2032 regum
521 1959 758 2033 praeteritorum
775 1958 992 2017 reverentiam

109 2085 128 2124 s
152 2067 185 2124 in
215 2065 353 2140 posteris
378 2065 500 2135 vivere,
531 2067 567 2124 nt
589 2065 640 2123 vei
656 2079 748 2124 cunae
766 2078 943 2140 puerorum
958 2065 991 2122 in

111 2195 329 2256 »purpuram
360 2181 513 2239 natorum
540 2179 640 2239 tacita
661 2180 867 2240 consessione
895 2180 993 2240 sortis

108 2321 126 2352 >
151 2299 272 2357 nostrae
285 2311 344 2356 nos
359 2297 504 2370 tangant.
522 2295 589 2356 Nec
600 2295 733 2356 dubium
748 2297 826 2372 quin
837 2296 994 2372 grandius

111 2433 129 2472 »
152 2411 303 2488 quiddam
327 2411 513 2472 insinuetur
533 2411 598 2469 iliis
622 2411 761 2484 ingeniis
783 2395 855 2488 quae
880 2411 920 2470 ad
941 2427 994 2472 re-

111 2551 126 2580 »
152 2527 316 2608 gnandum
332 2542 350 2586 a
370 2542 470 2602 puero
490 2526 712 2591 instituantur,
729 2527 805 2587 dum
822 2529 913 2605 isqui
929 2529 994 2588 sui-

111 2667 127 2697 »
152 2643 262 2717 iragiis
288 2643 321 2702 in
334 2644 490 2702 verticem
503 2658 613 2702 rerum
634 2643 993 2716 humanarnmattolm-

112 2779 129 2816 >›
156 2762 218 2829 tur,
249 2757 394 2818 nondum
422 2757 535 2833 primae
561 2731 732 2818 immemor
759 2762 856 2820 sortis
886 2761 928 2821 sit
960 2760 992 2818 in

108 2893 126 2930 »
150 2888 245 2949 quam
270 2872 416 2932 recidere
430 2871 568 2932 heredes
597 2873 733 2947 possint.
749 2873 903 2947 Magnum
917 2876 992 2935 inde

111 3010 127 3042 »
152 2987 197 3046 rei
224 2986 361 3061 publicae
398 2987 632 3046 detrimentum
663 2987 784 3057 afferri.
822 2986 905 3060 Quid
936 3003 994 3047 au-

110 3125 126 3156 »
152 3103 213 3160 tem
229 3100 268 3160 de
283 3102 353 3175 ipsa
375 3115 489 3174 regum
508 3099 690 3163 electione?
714 3099 797 3161 Nam
824 3102 858 3160 in
873 3101 992 3161 vividis

111 3216 299 3290 »gentihus
324 3215 434 3292 quieta
463 3215 595 3277 comitia
618 3233 677 3276 cur
708 3216 947 3292 sperarentur?
967 3243 977 3274 ι.

57 3331 197 3392 »Adde
211 3331 307 3407 quod,
325 3346 436 3405 regem
452 3330 559 3390 facere
575 3334 736 3402 assuetus,
758 3331 895 3407 populus
916 3346 991 3390 eum

57 3461 262 3506 »amovere
275 3461 403 3522 quoque
415 3461 479 3505 non
497 3444 773 3518 dubitetuQuibns
794 3446 930 3522 aiiisqne
944 3446 992 3505 in-

108 3561 284 3621 commodis
300 3562 462 3637 spectatis.
478 3561 600 3637 injuria
625 3566 797 3623 accusatur
821 3563 990 3622 nationum

112 3676 268 3751 sapientia
292 3678 374 3753 quod
398 3694 432 3738 se
451 3677 506 3750 uni
531 3679 624 3753 stirpi
644 3679 835 3748 dediderint,
853 3681 887 3739 ut
904 3682 991 3739 tran·
