2940 5230
324 725 366 766 un
388 724 563 768 andumms
585 727 804 771 urseosmronn
972 719 1006 770 35

109 857 377 932 provinciasque
397 857 437 916 ad
462 860 644 932 majestatis
670 860 890 919 reverentiam
919 859 1007 920 rede-

107 976 218 1034 untes
234 974 399 1049 accipitet
421 976 555 1036 meliora
570 991 704 1052 sperare
723 976 826 1050 jubet.
842 977 924 1037 Dum
937 977 1008 1036 haee

108 1091 334 1166 gerebantur,
360 1091 554 1152 turbabatur
583 1091 719 1152 interior
751 1093 827 1152 aula
857 1092 1007 1153 omnihus

110 1189 264 1276 motibus
292 1207 345 1282 qui
369 1207 547 1267 amantium
569 1186 750 1283 sequuntur
770 1209 1005 1269 aemulationes.
1104 1243 1109 1252 ·

111 1321 207 1380 Nam
224 1337 323 1397 quum
338 1321 485 1397 tempore
499 1322 637 1381 ennvivii
650 1337 669 1381 a
683 1321 871 1383 Meleandro
884 1335 1016 1399 excep-⁴

114 1441 180 1497 tus·
204 1436 429 1497 Radirohanes
454 1437 652 1528 mentionem
673 1437 712 1496 de
737 1437 912 1499 foederibus
934 1455 1007 1499 eum

114 1551 286 1626 Argenide
299 1551 448 1610 ineundis
462 1551 638 1626 injecisset,
651 1553 934 1630 respondissetque
946 1570 1007 1614 rex

54 1654 57 1662 ’
113 1667 261 1728 solerter
274 1667 409 1728 liberam
429 1666 625 1741 Argenidem
641 1682 712 1726 esse
736 1683 840 1741 neque
863 1669 936 1728 ullis
965 1669 1008 1730 le·

114 1781 216 1856 gibus
230 1781 301 1855 cogi
319 1797 422 1855 posse,
442 1781 603 1842 illedolis
627 1782 781 1853 intentus,
800 1784 827 1842 si
853 1784 892 1844 de
917 1783 1006 1845 Sele-

114 1897 223 1968 nissa‚
241 1897 414 1971 Argenidis
429 1897 813 1966 alumna‚benemeritus
828 1902 914 1960 esset
931 1899 1006 1960 laei-

115 2015 184 2074 lem
200 2014 239 2074 de
263 2014 390 2088 virgine
412 2013 481 2074 fore
504 2014 675 2074 victoriam
696 2013 885 2085 arbitratae,
907 2016 1005 2075 misso

117 2146 258 2190 munere
272 2145 370 2189 anum
394 2129 549 2204 eorrupit.
567 2128 607 2190 at
630 2131 719 2204 prius
748 2131 781 2188 in
810 2131 1006 2205 Argenidem

117 2262 219 2322 quam
246 2247 455 2306 instruantur
480 2237 649 2314 maellinae,
677 2245 842 2306 Selenissa
872 2248 1006 2309 miranti

118 2361 318 2422 Radimbani
350 2383 361 2414 l
394 2361 664 2422 Arnlmmbrotnm
699 2363 831 2422 minime
856 2367 1006 2423 metuen-
1041 2427 1044 2434 Δ

120 2449 145 2536 )>Ι
162 2478 238 2538 dum
255 2493 327 2538 esse
351 2477 508 2543 declarat,
528 2477 734 2538 Poliarelmm
750 2495 828 2540 vero
851 2481 1003 2552 maxime,

121 2607 257 2667 »quem
279 2591 339 2650 sub
360 2591 491 2650 nemine
515 2592 727 2669 virgineoque
756 2595 876 2654 vestitu
904 2593 1007 2654 Theo·

123 2727 138 2763 i>
162 2706 262 2768 erinis
284 2705 467 2767 latitantem
491 2705 561 2781 ipsa
587 2707 663 2766 olim
689 2708 890 2783 adjunxerat
905 2710 1022 2784 llrge-¹

123 2845 139 2878 »
162 2823 241 2894 nidi,
255 2823 383 2883 virilem
399 2837 513 2882 sexmn
527 2823 652 2884 cunetis
668 2823 916 2898 ignorantibus;
932 2823 1006 2883 inde

124 2959 141 2998 s
163 2939 315 3015 Argenidi
335 2939 570 3015 Poliarcheque
587 2940 758 3011 amicitiae,
781 2956 858 3000 mox
880 2941 1002 3002 amoris

125 3075 141 3112 »
163 3054 535 3124 inilium;The00rinem
551 3057 671 3124 autem,
690 3070 789 3130 quum
813 3056 908 3114 neele
933 3068 1008 3128 quia-

126 3191 143 3228 >›
164 3171 237 3230 dam
253 3185 272 3229 a
291 3170 461 3246 Lyeogene
482 3171 601 3230 misses
620 3175 761 3230 armatos
778 3149 925 3229 homines
941 3169 1008 3228 vir-

127 3305 143 3343 »
162 3288 228 3345 lule
243 3284 425 3361 plusquam
441 3285 590 3345 muliebri
608 3283 750 3359 fugasset
779 3299 897 3344 nomen
915 3299 1008 3343 suum

127 3421 144 3459 s
165 3401 317 3476 Argenidi
344 3395 548 3477 signifieasse
567 3405 665 3479 atque
679 3375 811 3463 ex'aree
827 3400 1010 3462 declinasse
1063 3482 1068 3490 ᾔ

130 3536 147 3574 s
167 3533 222 3592 per
253 3516 421 3577 tenebras..
441 3517 487 3577 Ea
506 3533 667 3594 nusquam
694 3517 831 3593 posthae
857 3517 1008 3592 reperta,

131 3651 226 3710 »ope
258 3635 401 3695 Palladis
424 3635 546 3696 factum
577 3621 755 3696 credidisse
785 3634 1009 3695 lieleandrum

132 3771 147 3805 ›>
168 3753 248 3828 quod
266 3753 299 3811 in
314 3768 348 3814 se
361 3753 525 3828 aliamque
544 3768 637 3812 suam
652 3753 784 3823 insidiae
800 3753 923 3814 exitum
938 3751 1009 3810 nul-
