2940 5230
466 697 499 751 84
680 709 722 750 nn
741 709 765 750 r.
786 707 938 750 pascnan
966 706 1133 750 anonam:

464 853 641 906 carcerem,
658 840 692 898 ui
706 835 853 898 veneficii
871 835 1011 897 conrioti
1034 834 1153 898 idoneo
1177 836 1350 912 supplicio,

465 957 571 1018 cicuta
595 955 729 1026 soiiioai,
751 953 1002 1016 conficerentur.
1020 951 1143 1026 Quare
1164 952 1293 1012 iterum
1316 951 1354 1012 ad

466 1085 558 1134 arma
585 1071 743 1149 impulsus
775 1053 973 1146 Lycoganes,
1005 1071 1141 1146 jamque
1151 1071 1232 1144 jura
1260 1061 1356 1142 regni
1454 1109 1456 1134 r

1453 1026 1455 1096 i

466 1193 564 1266 atque
581 1189 723 1260 insiunia
746 1203 922 1264 usurpans,
938 1186 1066 1248 Ennam
1085 1185 1258 1246 obsidione
1283 1184 1359 1244 sati·
1455 1203 1456 1206 ¹

465 1306 573 1382 gaiam
588 1305 678 1380 oapit
696 1306 729 1364 et
742 1303 983 1378 triumphantes
996 1301 1106 1380 copias
1126 1301 1204 1362 totis
1226 1302 1359 1378 campis

465 1419 612 1482 effundit.
628 1419 667 1481 Ei
679 1421 749 1495 jam
768 1419 800 1478 in
827 1434 866 1479 eo
888 1419 960 1478 erat
978 1417 1167 1478 Meleander
1182 1417 1218 1478 nt
1232 1416 1275 1476 ad
1293 1432 1361 1477 an-

462 1535 820 1612 gustiasreduceretur‚
831 1551 929 1612 quum
941 1532 1181 1594 Radirobanem
1190 1532 1361 1594 Sardinia,

464 1651 715 1730 Balearinmque
726 1651 993 1728 ragamantiquo
1004 1650 1136 1726 hospitii
1142 1651 1219 1724 jure
1230 1647 1360 1710 Sioiiiae

463 1767 595 1846 regibus
605 1769 816 1844 conjunctum
828 1783 900 1829 cum
911 1767 1016 1828 classe
1025 1766 1223 1842 auxiliisque
1234 1764 1359 1824 adesse

464 1885 645 1947 nuntiatur.
668 1883 769 1960 Cujus
790 1884 931 1944 adventu
956 1883 1031 1942 dum
1045 1880 1146 1942 Siculi
1172 1881 1299 1940 matum
1324 1881 1356 1938 in

465 2015 553 2075 spem
565 1999 707 2068 vertunt,
718 1997 1359 2075 Lycogenisqueexarcitusparoreper-

465 2115 539 2176 oelli
550 2113 663 2190 inoipii
673 2114 845 2174 rebellium
856 2115 996 2190 animos,
1008 2129 1067 2175 neo
1078 2111 1214 2178 frustra,
1232 2110 1360 2171 sollini-

466 2235 516 2293 tat
544 2230 742 2292 Meiaander.
761 2229 844 2304 Quin
873 2232 970 2292 etiam
986 2230 1209 2292 felicissimum
1226 2226 1356 2304 aliquid

466 2347 507 2410 de
530 2345 663 2416 Catana,
688 2345 729 2406 ab
754 2347 1000 2407 Anaximandro
1024 2343 1206 2423 Lyoogenis
1232 2347 1357 2420 nepote

465 2462 611 2534 obsessa,
628 2463 793 2521 narratur.
814 2459 937 2538 Nempe
963 2459 1059 2522 AEina
1077 2459 1184 2520 subito
1196 2461 1357 2520 -aestuans

465 2579 577 2653 igneos
588 2578 677 2638 rivos
690 2581 891 2649 evomuerat,
904 2582 946 2646 ei.
960 2579 1054 2656 quasi
1067 2578 1227 2640 conducta
1238 2593 1354 2654 opera,

466 2693 499 2752 in
520 2691 760 2752 Anaximandri
784 2693 893 2753 castra
908 2692 1060 2754 fluxerat.
1078 2691 1171 2752 Unus
1192 2693 1302 2752 autam
1317 2692 1354 2751 in

466 2806 631 2866 communi
646 2806 765 2882 gaudio
776 2823 917 2868 moerans
938 2807 1354 2878 Arohombroius,tertium

465 2921 617 2983 aemulum
632 2922 872 2986 Radirobanem
885 2925 1045 2986 oriturum
1061 2923 1266 3002 praesagibat.

505 3040 656 3100 Attamen
667 3039 865 3114 Lycopenes,
873 3043 1026 3118 provecta
1036 3043 1143 3108 nocta,
1157 3039 1286 3114 agmina
1298 3039 1354 3100 hi-

466 3153 586 3230 partito
608 3151 786 3214 Meieandri
802 3155 959 3217 stationes
979 3154 1113 3216 adortus
1129 3155 1209 3215 erat.
1232 3153 1354 3230 Ingens

466 3269 649 3330 conseritur
664 3269 810 3344 praelium
836 3270 869 3330 in
896 3286 960 3348 quo
988 3269 1256 3340 Archombrotus‚
1279 3270 1354 3331 Ma·

465 3385 589 3445 ioandri
605 3387 774 3461 postquam
791 3387 944 3446 induerat
970 3385 1122 3461 insignia,
1139 3400 1201 3462 qua
1221 3401 1352 3462 pugna-

464 3500 521 3560 bat
555 3500 740 3575 Lyooganes
775 3503 869 3564 avide
905 3502 972 3562 ruit
1000 3502 1171 3579 subitoque
1197 3505 1351 3581 amplexu

466 3615 600 3689 ligatum
612 3633 684 3678 eum
699 3619 818 3678 sternit
832 3617 923 3680 humi
942 3616 1097 3696 brevique
1114 3619 1254 3694 pugione
1267 3636 1350 3680 exa-

467 3730 579 3790 nimat.
607 3730 803 3806 Triumphus
831 3733 940 3807 agitur
966 3737 998 3795 et
1029 3733 1217 3796 Melaander
1251 3733 1350 3794 urbas
