2974 5222
475 715 509 766 90
692 719 734 764 eu
752 717 777 762 s.
798 713 948 766 sanctam
968 723 1136 766 suasurus

477 850 679 930 principium,
703 866 841 926 quarum
863 853 890 911 si
911 853 1072 928 colloquia
1092 851 1261 926 diligenter
1276 865 1334 925 per·

475 967 641 1028 censuerit
652 965 782 1042 aliquis,
797 981 835 1026 ne
850 965 1009 1043 colloquia
1024 967 1164 1044 quidem,
1179 967 1234 1026 sed
1248 965 1337 1050 magis

477 1083 623 1144 excultas
638 1083 1021 1166 orationeseasdemque
1035 1083 1167 1143 minime
1180 1079 1336 1152 muliebres

476 1213 548 1260 esse
570 1197 793 1258 arbitrabitur.
817 1197 862 1257 De
887 1196 984 1258 rebus
1002 1196 1152 1273 publicis,
1174 1197 1213 1257 de
1238 1195 1336 1256 aulicis

477 1312 603 1374 artibus
617 1313 738 1374 diserte
751 1313 937 1389 disputatur
950 1313 991 1372 ab
1014 1313 1097 1383 illis;
1122 1313 1255 1374 affectus
1272 1323 1337 1369 vero

477 1431 603 1499 animi,
635 1429 699 1489 nisi
716 1429 870 1505 lacrymis
899 1429 1085 1504 significare
1112 1444 1178 1489 non
1209 1428 1336 1512 possunt.

478 1543 609 1605 Cunctis
623 1559 737 1604 earum
754 1543 959 1604 sermonibus
980 1559 1065 1605 unus
1088 1547 1120 1604 et
1142 1544 1227 1608 idem
1247 1546 1340 1610 tenor,

478 1661 514 1720 ut
533 1674 619 1734 aegre
644 1674 664 1718 a
691 1660 818 1733 virgine
841 1661 992 1736 loquente
1009 1662 1171 1730 matrona,
1198 1676 1217 1720 a
1244 1658 1340 1732 regina

477 1775 590 1835 nutrix
614 1773 833 1836 discernatur.
856 1775 929 1837 Non
946 1776 991 1835 ita
1012 1774 1155 1851 prolecto
1179 1772 1340 1851 loqueban-

479 1893 533 1952 tur
548 1890 672 1952 nobiles
693 1890 756 1952 illae
775 1889 914 1964 feminae,
931 1907 1003 1968 quae
1019 1907 1106 1950 nunc
1121 1890 1228 1950 adbuc
1246 1891 1341 1949 vivere

479 2009 512 2069 et
527 2008 653 2082 spirare
668 2007 832 2078 videntur,
850 2009 965 2068 sivein
981 2007 1166 2077 annalibus,
1183 2008 1251 2067 sive
1268 2004 1340 2064 dctis

481 2120 513 2179 in
527 2120 772 2182 narrationibus
788 2137 902 2197 quasa
927 2123 1117 2183 mulieribus
1132 2138 1257 2198 quoque
1271 2136 1345 2182 com-

481 2235 602 2312 positas
613 2237 807 2313 accepimus.
820 2237 949 2299 Scilicet
964 2238 1054 2298 libris
1063 2237 1346 2310 controversiisque

481 2350 629 2412 civilibus
652 2351 727 2412 dum
750 2367 880 2412 omnem
900 2369 1012 2414 curam
1034 2353 1260 2430 impendisset,
1278 2367 1347 2412 nuu-

481 2481 577 2544 quam
597 2469 724 2528 tantum
736 2467 887 2529 Barclaio
902 2472 1078 2529 vacaverat
1095 2472 1128 2529 ut
1143 2485 1215 2529 curn
1233 2467 1349 2529 seminis

480 2585 741 2654 conversaretur,
763 2598 940 2659 earumque
955 2583 1081 2644 animos
1097 2587 1283 2662 perspectos
1296 2583 1350 2642 ba·

478 2694 583 2756 beret.

518 2809 633 2873 Melius
655 2830 734 2874 sane
748 2814 846 2884 viros,
863 2816 899 2874 ut
913 2817 1068 2887 notiores
1084 2817 1202 2894 pinxit,
1223 2833 1354 2894 praeser-

479 2928 536 2989 tim
554 2945 652 3004 quum
668 2946 723 2991 eos
737 2931 776 2990 de
789 2930 925 3006 publicis
937 2930 1034 2992 rebus
1047 2931 1244 2994 disserentes
1259 2934 1356 2994 intro·
1451 2947 1452 2964 ¹

480 3047 620 3108 duxerit.
642 3045 721 3115 Nec,
743 3048 884 3123 exempli
909 3049 1026 3122 gratia,
1056 3049 1266 3125 Villaregium
1287 3067 1357 3112 nos·

480 3165 566 3222 trum
587 3179 605 3222 a
621 3161 787 3234 Cleobulo,
804 3163 855 3224 vel
876 3163 1102 3238 Barberinum‚
1119 3168 1262 3242 legatum
1277 3185 1296 3228 a
1310 3168 1357 3227 la·
1451 3151 1452 3166 ¹

480 3277 627 3347 tere-ab
649 3277 831 3340 lbburrane
855 3285 1095 3357 repraesentari,
1123 3285 1203 3359 ipsis
1223 3285 1359 3346 dedeco-

480 3411 552 3466 rum
579 3397 705 3470 putem
732 3400 860 3456 namet
884 3398 990 3459 civilis
1014 3401 1159 3462 scientiae
1185 3401 1308 3476 peritos
1329 3402 1363 3488 et

480 3511 619 3574 disertos
639 3514 787 3574 homines
816 3514 889 3576 illos
910 3516 1051 3577 instituit
1076 3516 1257 3580 Barclaius.
1289 3517 1359 3578 Non

481 3627 565 3704 quod
583 3630 690 3688 tamen
710 3630 795 3703 aliis.
818 3631 1005 3694 Meleandro
1025 3638 1057 3696 et
1078 3636 1287 3696 Radirobane
1302 3651 1361 3696 ex-

481 3747 594 3821 ceptis,
612 3749 645 3805 in
658 3748 793 3811 dicando
805 3751 942 3812 lacultas
956 3751 1058 3812 desit:
1082 3751 1148 3810 nati
1163 3763 1358 3812 omnesora-
1451 3747 1452 3752 ’
