2940 5230
453 1307 574 1386 ulum
596 1311 652 1386 Ill.

253 1625 306 1680 De
324 1625 519 1697 Arqenldle
536 1625 848 1698 interpretatione.

153 2102 283 2166 Dicitur
301 2103 482 2178 BarclaiuS,
501 2107 577 2167 dum
596 2105 627 2163 in
655 2079 770 2176 anglia
793 2098 995 2168 versaretur,
1059 2181 1061 2192 Ι

110 2221 266 2282 hortante
273 2219 295 2280 J
297 2222 398 2282 acobo
409 2225 444 2282 ut
455 2221 658 2284 celeberrimi
671 2215 839 2293 scriptoris
852 2213 997 2275 britanni

108 2337 303 2396 Arcadiam
317 2337 350 2396 in
366 2337 502 2397 latinum
518 2336 671 2402 verteret,
686 2334 901 2406 Arpeotdem
912 2331 996 2390 sori·

6 2495 20 2518 .,
108 2447 189 2510 bere
217 2450 409 2515 instituisse,
431 2467 466 2510 se
492 2450 623 2526 proprio
649 2448 778 2508 cuidam
799 2443 998 2522 ἡ

111 2565 203 2640 operi
218 2581 331 2642 parem
346 2567 553 2644 praebiturus.
568 2565 695 2626 Novum
716 2563 861 2640 prolecto
887 2579 922 2624 se
937 2563 997 2624 ali-

111 2679 190 2756 quid
205 2680 391 2756 scriptionis
413 2697 517 2756 genus
540 2681 729 2750 tentavisse,
746 2679 815 2754 ipse
840 2679 998 2755 praedicat

111 2797 148 2854 in
176 2793 292 2870 prima¹
305 2795 424 2870 pagina
446 2793 520 2855 libri
542 2783 707 2856 Ludovioo
736 2793 844 2854 Tertio
861 2792 997 2854 Decimo

111 2908 269 2970 dedicati.
288 2908 355 2970 Nec
370 2910 553 2983 immerit03
572 2925 647 2970 nam
663 2911 689 2969 si
706 2908 890 2969 tabularum
904 2925 997 2969 com-

112 3022 354 3090 menticiarum,
371 3018 472 3079 latine
487 3019 582 3078 modo
604 3019 813 3094 scriptarum,
828 3034 927 3092 quum
940 3035 998 3078 ve·

112 3138 201 3196 teres
213 3137 281 3196 tum
296 3136 495 3196 recentiores
510 3138 660 3197 auctores
673 3138 706 3195 in
721 3135 996 3211 comparationem

113 3251 275 3324 attuleris
284 3253 403 3313 senties
416 3251 497 3311 nihil
511 3251 675 3344 lerenapud
688 3267 744 3311 eos
759 3267 832 3312 cum
845 3251 997 3314 Barclaio

114 3383 187 3429 esse
201 3381 383 3444 commune,
395 3370 428 3428 et
439 3370 565 3429 tantum
584 3371 792 3443 Arpocratem
811 3368 852 3428 ah
869 3369 997 3445 Apuleii

115 3482 234 3546 fabulis
247 3487 404 3560 quantum
420 3485 460 3544 ab
480 3485 599 3558 Utopc'a
615 3485 696 3546 Mori
712 3485 844 3548 distare.
863 3483 925 3546 Sed
940 3501 998 3548 an-

115 3603 245 3677 tequam
264 3601 340 3677 quid
361 3601 422 3662 sibi
450 3577 595 3662 voluerii
615 3602 786 3664 Barclaius
812 3605 999 3680 perscrute-

116 3730 200 3786 mur3
220 3717 294 3791 qnid
310 3717 350 3777 ab
366 3721 542 3791 Aroanide
562 3717 736 3791 significari
750 3720 879 3794 plurimi
896 3721 998 3796 suspir
