2940 5230
295 726 337 768 ou
357 721 534 766 lnounmts'
554 723 776 766 uterosrrmnu
949 711 982 762 39

58 871 143 931 qua
206 854 310 914 victor
349 854 414 923 ille,
456 851 662 912 Radirobane
685 853 848 927 Jugulato,
891 852 979 912 exis·

60 971 125 1032 tit.

111 1085 216 1146 Dum
232 1085 424 1144 Poliarcllus
439 1084 630 1143 vulneribus
644 1099 731 1158 aeger
751 1082 973 1152 reficiebatur,
1012 1151 1014 1156 ,

60 1199 275 1275 Hyauisbes
305 1200 402 1270 filius,
434 1199 591 1260 codicillis
618 1200 760 1275 acceptis
793 1199 911 1275 quibus
940 1199 974 1258 in

61 1317 228 1391 patriam
254 1330 400 1376 remeare
412 1314 598 1392 jubebatur,
627 1315 851 1376 mauretanico
868 1315 969 1373 littori

63 1430 301 1506 applicuerat.
331 1428 557 1506 Quemquam
586 1429 779 1490 Poliarcbus
808 1430 971 1490 neminem

66 1544 184 1604 alium
215 1543 279 1604 nisi
304 1543 576 1606 brobombrotum
592 1560 664 1605 esse
679 1545 861 1618 agnoverit,
877 1558 974 1617 nega-

68 1661 124 1720 vit
138 1661 287 1737 primum
301 1676 336 1720 se
350 1660 384 1720 in
398 1660 507 1721 hostili
522 1660 619 1720 domo
633 1659 891 1746 diutiusyersari
903 1675 975 1734 pos-

69 1793 108 1836 se
126 1794 135 1848 ;
154 1776 268 1838 victus
286 1779 396 1836 tamen
419 1777 541 1850 reginae
557 1775 724 1852 lacrymis,
744 1778 779 1834 ut
794 1775 834 1838 ad
850 1778 981 1850 tempus

72 1891 269 1952 discordias
282 1907 357 1952 cum
373 1890 489 1950 aemulo
504 1894 689 1966 componat,
702 1890 885 1955 adducitur.
907 1894 980 1949 Om-

74 2007 134 2066 nia
160 2005 211 2065 illi
240 2006 323 2066 bene
343 2021 478 2066 cessura
494 2009 606 2083 aperte
622 2005 786 2082 significat
812 2005 979 2082 Hyanisbe

77 2125 280 2202 litterasque
294 2139 360 2184 ase
369 2125 508 2199 scriptas
519 2122 770 2199 Meleandroque
782 2123 976 2184 delerenoas

80 2240 153 2300 lilio
181 2239 366 2300 committit.
396 2239 601 2299 Prol'ectione
621 2239 722 2312 igitur
732 2241 918 2314 properata,
941 2239 975 2298 in

88 2354 239 2416 Siciliam
257 2354 426 2430 appellunt
445 2354 636 2415 Poliarclius
647 2435 649 2440 Α
661 2353 978 2430 Arobomhrotusque

88 2474 248 2548 tauquam
258 2471 405 2530 rixarum
415 2472 630 2540 immemores,
642 2471 899 2546 perveniuntque
913 2472 978 2531 ble-

87 2588 217 2649 leandri
232 2588 272 2648 ad
289 2589 410 2648 aulam.
422 2589 602 2658 Recitator,
618 2589 734 2663 populo
748 2589 867 2656 stante,
886 2585 975 2664 Hya·

92 2702 203 2764 nisbes
229 2703 379 2779 epistola,
407 2706 440 2763 et
459 2718 582 2764 arcana
609 2703 820 2764 consiliorum
850 2704 978 2778 pervul-

92 2825 220 2895 ganlur.
248 2819 370 2896 Nempe
396 2819 583 2880 lleleanrler
607 2836 704 2895 quum
729 2820 870 2889 Annam,
886 2819 980 2895 Hya-

82 2929 201 2998 ¹nisbes
212 2954 369 3008 sororem,
381 2938 521 3014 primam
530 2937 693 3014 quondam
701 2951 838 2996 uxorem
855 2936 982 2996 occulte

96 3052 249 3125 ‹luxisset
262 3053 324 3113 sibi
337 3069 378 3112 ex
388 3067 426 3113 ea
441 3055 553 3112 natum
566 3050 666 3110 luisse
679 3050 781 3109 illium
794 3050 980 3123 ignorabat,

99 3186 200 3247 quem,
229 3168 392 3230 exstincta
416 3169 535 3234 matre,
572 3166 776 3226 educandum
804 3171 981 3228 curaverat

100 3285 298 3347 Mauritaniae
311 3287 424 3359 regina
440 3285 647 3360 tinxeratque
671 3299 743 3344 esse
760 3300 867 3342 suum.
885 3281 979 3344 [lunc

105 3400 450 3474 autem,Arcb0n1broti
460 3402 627 3476 assumpto
640 3399 699 3458 sub
716 3399 983 3476 nomineHiemp-

107 3515 284 3578 salemesse
298 3518 505 3579 testabantur
529 3517 680 3578 codicilli.
710 3516 871 3578 Heredem
889 3517 983 3591 regni

109 3634 281 3695 restitutum
294 3633 494 3708 Meleander,
513 3634 647 3697 tratrem
673 3635 810 3709 Argenis
834 3639 982 3696 contem-

115 3751 225 3824 platum
252 3754 495 3828 necquicquam
520 3753 657 3828 amplius
680 3752 787 3813 obstat
811 3753 982 3830 quominus
