2940 5230
368 725 409 766 on
428 727 452 767 J.
476 724 625 768 nuncnuu
645 725 718 767 vrrs
969 717 985 767 o

100 855 207 915 multa
227 854 363 915 feliciter
375 856 473 924 diota,
491 855 593 916 multa
608 871 682 915 cum
703 855 783 927 sale,
797 855 898 914 mdlta
910 870 983 915 cum

100 969 214 1045 lepore
238 969 368 1030 corrdita
388 970 546 1038 invenies,
563 985 749 1046 quanquam
762 972 795 1030 et
815 939 987 1030 nonsatis

99 1085 284 1160 composita
300 1084 500 1160 nimiumque
514 1084 617 1146 effusa
636 1085 737 1144 multa
751 1083 986 1160 reprehendas,

100 1203 135 1260 et
156 1200 347 1261 obscuriora
375 1215 472 1276 quam
494 1202 530 1260 ut
561 1200 667 1260 adhuc
692 1199 823 1275 plaeere
850 1199 984 1274 queant.

100 1317 209 1390 Quum
238 1315 322 1376 enim
348 1317 483 1392 privatis
514 1317 597 1377 odiis
617 1331 740 1376 morem
764 1318 894 1390 gereret
906 1316 988 1376 Bar-

99 1431 218 1500 elaios,
231 1431 350 1506 prioris
360 1430 434 1491 libri
457 1430 575 1491 bonam
589 1433 713 1506 partem
730 1430 763 1488 in
779 1429 982 1490 irridendum

101 1545 283 1606 Gallionem
304 1546 335 1606 id
361 1549 412 1607 est
433 1544 584 1608 Carolum
607 1545 828 1631 Lolliaringiae
851 1545 988 1618 Ducem,

102 1663 317 1736 consumpsit,
336 1663 369 1720 in
392 1662 479 1722 illius
502 1660 728 1722 credulitatem
749 1662 987 1736 arrogantiam-

103 1793 167 1852 que
181 1780 278 1854 atque
301 1778 366 1837 alia
392 1777 575 1839 istiusmodi
598 1776 677 1838 vitiu
696 1777 839 1850 jocatus,
856 1780 888 1838 et
912 1779 986 1839 Aoi·

103 1894 312 1967 gnianorum.
329 1893 390 1953 lroc
405 1892 675 1961 estJesuitarum‚
685 1891 903 1966 disciplinam,
917 1891 987 1952 ille-

33 1983 36 1992 ’
104 2008 231 2080 cebras,
247 2008 489 2084 deliberataque
503 2007 535 2066 in
553 2022 588 2067 se
602 2006 751 2078 eorisilia,
767 2007 819 2068 vel
833 2006 921 2077 fieta,
935 2006 986 2066 vel

103 2127 235 2184 sincera
258 2124 543 2199 repraesentatione
580 2121 750 2194 adhibita,
780 2123 989 2184 vehementer

105 2238 286 2298 insectatus
300 2239 359 2298 est.
378 2237 468 2310 Quod
487 2239 513 2298 si
531 2239 653 2310 tamen,
671 2238 900 2314 praetermissis
915 2237 989 2299 lon-

107 2351 158 2425 gis
174 2351 380 2428 amhagibus,
408 2354 441 2413 et
459 2352 710 2429 Euphormionis
723 2354 823 2414 variis
839 2353 989 2415 fastidio·

107 2468 215 2544 sisque
240 2468 382 2541 casibus,
412 2469 613 2546 diversisque
640 2470 680 2529 ad
708 2469 892 2545 exemplum
924 2467 988 2528 Pe-

106 2585 206 2646 tronii
248 2585 512 2656 incantamentis
560 2587 602 2647 ad
645 2586 819 2648 medullam
862 2586 986 2662 operis,

108 2699 231 2760 scilieet
253 2700 294 2760 ad
324 2700 459 2760 satiram
485 2701 655 2762 attendere
688 2702 796 2773 liceat,
833 2715 899 2761 non
921 2715 988 2760 me-

108 2814 228 2875 diocris
252 2830 379 2874 morum
404 2816 592 2890 speculator
620 2817 788 2876 exstitisse
809 2816 984 2877 Barclaius

107 2927 278 2989 videbitur.
296 2929 402 2989 Testis
420 2931 502 2989 mihi
524 2931 628 2991 altera
650 2933 707 2992 illa
721 2932 896 2993 voluminis
911 2947 987 3007 pars

107 3046 140 3103 in
160 3059 222 3121 qua
238 3044 435 3120 Eupliormio
451 3045 567 3120 longos
589 3049 662 3122 post
681 3061 812 3106 errores
835 3046 876 3106 ad
892 3045 986 3105 ilium

108 3159 280 3240 (Lutetiam
306 3161 533 3240 Parisiorum),
553 3163 772 3238 Protagonem
794 3161 988 3242 (Henrieum

107 3277 263 3350 Quamum
277 3273 399 3358 regem)
413 3279 445 3338 et
464 3277 616 3340 Fortunae
639 3277 794 3354 templum
819 3249 987 3336 invisurus

108 3408 140 3452 se
157 3392 292 3462 confert,
310 3395 342 3454 et
357 3393 499 3454 aulicum
518 3394 650 3473 vivendi
671 3408 776 3468 genus
801 3406 989 3468 procerum·

109 3524 168 3585 que
182 3510 273 3570 notat
285 3510 438 3571 indolem.
451 3511 521 3572 Illic
536 3510 656 3571 enimsi
674 3509 750 3587 quid
765 3507 912 3568 homines
927 3505 988 3565 im-

111 3623 201 3696 perii,
221 3625 418 3700 pecuniaeve,
435 3627 486 3688 vel
502 3626 691 3687 deliciarum
717 3624 824 3701 cupidi
846 3622 988 3699 delique-

111 3741 196 3812 runt,
206 3739 236 3799 id
247 3744 379 3802 notatur
393 3744 424 3802 et
441 3743 531 3818 quasi
548 3743 581 3802 in
595 3742 705 3804 tabula
716 3741 801 3818 pieta
815 3739 988 3816 subjicitur
