2940 5230
370 690 411 732 nn
429 690 455 734 s.
482 689 632 734 sanctam
652 693 726 734 vrra
954 687 986 738 lb

99 823 137 882 in
169 837 203 882 se
229 820 373 897 undique
393 821 550 882 'invidiam
582 821 780 900 dispelleret,
804 837 988 902 pravasque

97 937 311 1012 submoveret
343 936 641 1012 interpretationes.
676 937 774 1000 Nam,
791 953 859 1000 non
893 955 987 1017 aequa

97 1054 211 1114 mente
239 1052 383 1113 tulerant
403 1051 540 1114 Jesuitae
561 1053 595 1113 in
620 1069 656 1114 se
680 1052 802 1116 iactum
817 1054 986 1130 impetum,

98 1185 162 1230 neo
177 1169 410 1230 «innocentem
424 1169 536 1230 ludum
549 1191 566 1225 s
587 1169 621 1230 in
636 1171 676 1231 iis
690 1171 843 1232 viderant
855 1187 928 1248 quae
947 1172 987 1234 de

97 1284 358 1359 Acignianorum
384 1284 510 1347 artibus
533 1285 758 1362 machinisque
780 1291 986 1362 narraverat,

98 1414 162 1460 nec
185 1397 326 1461 libenter
351 1400 532 1478 juventutis
554 1403 728 1463 venatores
755 1416 790 1462 se
817 1401 984 1478 appellari,

101 1517 328 1592 temerataque
359 1519 496 1590 secreta,
517 1517 753 1593 arbitriumque
786 1517 986 1581 familiarum

99 1629 313 1692 callidissima
339 1631 561 1695 insinuatione
594 1632 768 1710 quaesitum
785 1631 846 1692 sibi
873 1647 988 1708 expro

99 1744 193 1806 brari
203 1747 389 1810 audiebant.
410 1747 484 1812 Non
500 1748 636 1810 deerant
650 1763 778 1825 quoque
797 1747 985 1830 velprivati

98 1861 252 1924 homines
275 1864 339 1940 qui,
355 1864 548 1925 stultissima
570 1863 789 1934 consessione,
808 1863 984 1936 imaginem

98 1992 193 2038 suam
216 1979 261 2063 in
298 1978 408 2040 libello
441 1981 560 2056 exponi
597 1979 825 2055 quererentur,
867 1977 986 2054 quique

104 2114 117 2145 v
133 2091 242 2154 velato
257 2093 402 2170 capite»,
419 2096 455 2154 ut
467 2094 536 2169 ipse
549 2093 639 2166 dicit,
656 2091 884 2153 inBarclaitrm
898 2093 986 2153 inve·

101 2209 270 2270 herentur.
288 2209 405 2272 Nescio
420 2226 463 2271 an
482 2210 689 2272 inimicorum
714 2210 797 2271 iram
810 2207 988 2285 placaverit

100 2325 133 2384 et
159 2325 284 2386 crimen
301 2325 536 2401 expurgaverit
550 2322 730 2402 Apologia3
753 2324 832 2400 quin
856 2324 920 2384 imo
933 2337 986 2383 ve

101 2458 179 2503 reor
188 2423 233 2502 ¹ne
248 2438 421 2502 Barclaius
442 2441 562 2502 vulnus
584 2439 727 2517 priscum
751 2439 889 2500 vulnere
903 2454 988 2500 novo
1079 2417 1083 2423 Δ

101 2556 363 2626 exacerbaverit,
391 2557 423 2616 et
452 2569 606 2616 censores
633 2571 677 2616 ex
703 2554 846 2614 inimicis
871 2553 986 2614 iecerit

101 2671 355 2732 inimicissimos.
384 2668 508 2746 Nempe
547 2671 663 2732 eodem
700 2685 764 2746 quo
797 2668 988 2745 Apologiam

97 2801 212 2876 anno.
247 2783 338 2845 nullo
370 2784 467 2845 modo
507 2783 774 2859 circumspectior
811 2783 934 2854 sactus,
969 2795 988 2840 a

102 2906 195 2980 patre
208 2903 363 2978 scripturn
382 2901 513 2973 librum,
539 2917 600 2962 nec
620 2877 727 2960 minus
751 2901 863 2960 l'orsan
882 2899 988 2960 otien-

104 3019 206 3079 sionis
239 3017 426 3078 habiturum
455 3016 567 3085 edidit,
608 3017 660 3075 cui
694 3015 808 3076 titulus
840 3017 888 3074 De
924 3017 988 3074 Po·

103 3125 222 3186 testate
238 3127 345 3199 Pcpoe
359 3139 406 3184 oo
427 3124 458 3184 et
473 3123 641 3198 quatenos
655 3126 691 3182 to
712 3125 821 3195 depes
835 3120 865 3180 et
880 3122 988 3179 Priu-

104 3245 194 3316 ca'pes
217 3243 392 3302 sectatores
413 3241 474 3310 jus
495 3239 526 3300 et
545 3241 730 3312 importum
748 3236 877 3298 lrabeat.
896 3234 986 3307 Quod

104 3358 231 3434 quidem
244 3373 336 3434 opus,
353 3372 453 3432 quum
464 3357 591 3416 secreto
606 3368 781 3428 aggressus
796 3351 911 3411 suisset
923 3348 988 3410 Gu-

106 3471 253 3548 glielmus
269 3471 451 3543 Barclaius‚
471 3470 504 3528 in
528 3468 615 3529 aliud
631 3470 758 3542 ternpus
774 3465 987 3528 emittendum

105 3589 345 3659 reservaverat,
367 3588 516 3646 metuens
543 3600 584 3644 ne
604 3583 739 3643 nimiam
756 3583 788 3642 in
813 3597 847 3642 se
859 3581 988 3642 theolo-

106 3719 218 3781 gopum
234 3702 389 3764 invidiam
403 3701 593 3770 concitaret,
608 3699 737 3774 filioque
753 3696 987 3757 bereditarium
