2974 5222
327 658 369 698 nn
389 659 430 698 nn
451 656 572 724 nonam
597 661 628 702 in
653 659 818 704 anennrna
979 653 1008 706 al

176 816 192 844 a
207 791 338 864 Quoties
350 790 419 864 ipsa
434 788 850 866 fortunaenegotiorumque
869 791 1016 866 rnalipni·

132 913 199 976 tas,
221 923 314 981 reges
334 922 374 966 ac
394 906 555 981 principes
576 906 664 966 viros
687 906 822 966 sunnnis
842 905 1015 977 illecebris,

133 997 342 1100 praemiisque
353 1021 468 1080 inritat
478 1019 518 1080 ad
528 1017 742 1096 peccandunr‘?
758 1021 899 1081 Maxime
918 1039 1016 1098 quant

132 1155 175 1198 ea
200 1139 371 1206 occurant,
399 1134 568 1211 inquibus
596 1133 674 1193 illud
709 1133 793 1211 qnod
817 1151 944 1212 aquarn
968 1137 1018 1198 est

133 1252 267 1311 videtur
277 1249 464 1325 discrepare
487 1249 527 1309 ab
543 1265 655 1309 eorum
678 1249 794 1323 gloria,
815 1251 872 1310 aul
892 1251 1019 1312 securl—
1089 1305 1093 1316 ,

134 1371 205 1427 tate
218 1365 396 1439 regnandi?
406 1365 496 1425 Tunc
509 1365 639 1442 quidem
658 1363 824 1432 sinrulare,
838 1378 876 1424 ac
893 1365 1016 1436 tallere,

132 1489 171 1544 et
182 1485 355 1545 dissentire
379 1499 398 1543 a
423 1484 491 1543 suis
515 1483 625 1559 ntique
645 1481 765 1548 verbis,
791 1483 958 1556 apronium
986 1483 1017 1544 in

135 1600 269 1675 regilius
283 1601 435 1674 putatum
452 1598 544 1672 quasi
561 1597 604 1656 dil
621 1612 719 1674 qaam
734 1597 811 1674 ipsis
836 1597 1019 1675 lnrpoancro

135 1715 323 1776 mortalium
350 1713 569 1788 regendorum
585 1713 798 1790 provinciam,
825 1716 896 1792 sina
915 1715 1021 1778 sulisl-

135 1832 245 1891 diaria
270 1832 421 1890 vitioram
455 1830 681 1906 scelerumque
708 1829 843 1890 cohorte
859 1831 1021 1892 adminis-

136 1945 222 2004 trari
236 1959 302 2003 non
319 1959 411 2018 posse
426 1944 599 2004 voluerint.
617 1943 711 2004 Nunc
726 1939 843 2004 vicinis
863 1943 1021 2006 etlnnne-

136 2059 213 2118 ritis
226 2057 376 2132 gentihus
391 2041 552 2148 subjicere
570 2057 706 2118 dissidia
721 2061 842 2126 amant,
872 2061 906 2121 at
920 2075 1021 2121 octru-

136 2176 225 2252 palis
249 2178 281 2234 et
308 2174 490 2234 infelicibus
519 2175 604 2246 aliia,
642 2174 703 2251 ipsi
733 2175 854 2236 certius
879 2177 1018 2248 racent;

136 2306 230 2350 nunc
246 2291 407 2350 sociorum
419 2304 533 2363 regum
544 2290 666 2349 amicos
681 2289 854 2365 largitione
864 2290 903 2350 ad
914 2305 1021 2352 alacre·

135 2411 247 2467 torum
264 2406 475 2483 proditionem
490 2405 677 2467 sollicitant.
702 2405 783 2480 Quid
798 2405 955 2468 mulctare
973 2407 1021 2468 in·

135 2523 269 2583 terdurn
282 2524 315 2582 in
328 2523 514 2584 cautionem
534 2524 700 2596 innoxios,
727 2524 820 2601 qnasi
836 2523 960 2586 crimen
979 2525 1023 2586 sit

136 2653 237 2715 posse
269 2652 415 2712 peccare.
452 2636 532 2710 Quid
565 2637 652 2712 vulgi
673 2637 837 2714 negligere
861 2639 1021 2717 *iniuriosa

139 2755 172 2815 si
183 2754 267 2814 bello
283 2754 376 2813 utiles
389 2754 450 2813 viri
466 2768 522 2813 eas
536 2753 707 2816 intulerint
720 2755 735 2813 ‘l
746 2759 766 2814 ¹.
794 2775 808 2809 »

184 2868 256 2928 Non
276 2867 372 2929 aliter
387 2868 496 2928 aulica
518 2869 596 2929 vitia
613 2870 899 2946 praestringuntur,
925 2873 957 2932 et
977 2871 1024 2931 ln·
1082 2857 1090 2876 ⁰

139 2986 255 3065 primis
277 2985 496 3045 adulatorium
514 2985 681 3060 poetarum
698 2983 1021 3061 genusirnprobatur,

137 3104 280 3180 quorum
295 3102 327 3160 et
342 3098 614 3176 indolena'optime
631 3101 776 3161 omnium
793 3104 928 3162 noverat
940 3100 1025 3162 Bar·

139 3222 387 3298 claiusqnippe
409 3223 463 3298 qui
492 3222 597 3282 aetatis
627 3237 694 3281 suaa
719 3235 841 3281 morem
867 3219 1024 3288 inritatus,

139 3352 300 3398 nauseam
324 3337 477 3398 facientia
492 3339 653 3413 poemata,
679 3339 712 3397 ut
725 3337 764 3398 de
779 3335 1026 3414 praelationibus

143 3453 293 3523 sileatur,
318 3469 383 3514 non
411 3454 508 3514 semel
537 3453 668 3526 regibus
696 3453 763 3528 ipse
788 3451 1019 3516 dedicavisset.

186 3711 194 3740 ¹
211 3715 236 3764 J.
251 3715 376 3765 Beneuen
393 3713 510 3781 Arpinis.
528 3714 581 3764 Lib.
597 3714 630 3772 V,
644 3732 665 3764 c.
684 3721 718 3764 ll.
