2974 5222
434 705 467 754 88
647 711 690 752 DE
712 711 737 754 J.
759 711 909 756 eluctari
934 709 1098 756 unoculus

434 841 518 902 ‹tlaio
534 841 612 902 vitio
632 844 782 903 vertatur
800 844 883 920 quod
900 844 1034 904 nimium
1056 843 1207 918 ejusdem
1231 855 1345 916 gene-

436 959 480 1018 ris
491 960 683 1018 commentis
694 959 877 1028 indulserit,
894 962 929 1020 ut
937 959 1045 1036 potius
1053 960 1086 1018 in
1096 955 1346 1032 excogitando

440 1075 519 1134 satis
540 1073 653 1146 lardus
676 1073 835 1134 videatur.
864 1073 947 1134 Nam
973 1089 1139 1150 nunqnam
1154 1074 1343 1147 assurgit.

437 1191 469 1248 et
484 1205 611 1265 semper
627 1189 753 1260 eodem,
767 1190 860 1267 quasi
877 1191 910 1249 in
926 1191 1079 1264 exiguum
1094 1205 1217 1266 gyrum
1239 1203 1345 1248 com-

440 1306 563 1383 pulsus,
579 1305 766 1366 revolvitur.
784 1305 908 1366 Indellt
923 1307 999 1366 utin
1016 1305 1348 1381 primanrpemcis

439 1425 541 1498 parte,
559 1422 652 1482 novis
665 1421 772 1480 allino
785 1420 919 1484 viribus.
945 1423 978 1481 et
991 1420 1196 1496 politicarum
1209 1434 1345 1480 rerum

440 1538 596 1598 memoria
622 1538 766 1608 innixus
807 1538 1016 1614 praestantius
1043 1538 1209 1612 ingenium
1248 1549 1347 1612 prae·

439 1653 653 1730 bueritquam
669 1651 870 1744 insecundo,
886 1669 957 1728 quae
971 1652 1016 1712 ita
1029 1652 1241 1728 pertunditur
1258 1651 1344 1710 oleo

441 1773 477 1830 ut
508 1768 693 1830 inveniendi
723 1769 851 1844 copiam
892 1769 1044 1844 scriptori
1073 1785 1160 1845 saepe
1177 1768 1346 1830 defuisse

440 1885 576 1946 diceres,
979 1879 981 1884 ’
1219 1959 1223 1964 ¹

482 1999 553 2060 Non
584 2001 682 2073 igitur
716 2001 779 2060 illis
802 2000 985 2062 [abellanum
1019 2004 1340 2064 commenticiarum

443 2119 656 2196 scriptoribus
677 2120 844 2180 Barclaius
868 2124 917 2181 est
938 2120 1205 2181 annumerandus
1221 2120 1341 2197 quiin

443 2239 614 2297 innumera
629 2236 830 2296 voluminum
845 2237 929 2297 serie
943 2237 1119 2298 l'eliciorem
1136 2238 1263 2310 ingenii
1280 2234 1339 2295 sui

444 2355 635 2428 proventum
653 2356 903 2427 congesserunt;
934 2369 992 2414 neo
1014 2353 1151 2414 Astroeo
1168 2353 1338 2425 magistra

347 2501 352 2512 ·
443 2484 521 2527 usus
533 2470 592 2527 est.
606 2468 726 2528 Parum
741 2469 827 2529 enim
840 2471 968 2529 constat
983 2470 1092 2528 utrum
1107 2483 1147 2528 ea
1160 2483 1263 2544 opera
1284 2468 1337 2526 le·

443 2583 537 2655 gerit,
556 2599 668 2651 necne,
694 2584 810 2644 nedum
823 2599 861 2644 ea
877 2583 976 2645 luerit
988 2584 1143 2644 imitatus.
1157 2582 1222 2642 Vix
1239 2597 1337 2658 quae-

444 2699 518 2757 dam
549 2715 622 2757 cum
652 2701 806 2777 Arcadia
842 2701 982 2774 Argenis
1010 2701 1194 2760 communia
1227 2697 1338 2757 habet

445 2815 593 2889 quamvis
607 2815 640 2874 in
655 2815 716 2875 bac
732 2816 935 2887 PoliarclruS‚
953 2817 986 2875 in
1005 2815 1061 2882 illa
1076 2815 1228 2891 Pyrocles
1239 2815 1334 2875 idem

446 2930 616 2989 consilium
633 2933 763 2990 struant
775 2931 931 2992 femineas
943 2932 1048 2991 vestes
1063 2931 1178 2991 induti.
1203 2929 1332 2990 lterum

446 3048 544 3122 atque
565 3047 683 3106 iterum
709 3047 843 3107 Achillis
863 3047 970 3107 tabula
986 3047 1072 3122 apud
1098 3044 1332 3122 Lycomedem,

446 3164 576 3223 mutato.
601 3162 741 3235 nomino,
768 3167 933 3223 narratur.
965 3161 1032 3222 lmo
1058 3179 1136 3223 vero
1157 3161 1334 3222 Barclaius

448 3295 513 3340 non
529 3280 695 3340 fabulatur
709 3282 745 3340 ut
760 3281 892 3354 ingenio
911 3257 970 3340 suo
990 3279 1165 3354 indulgeat,
1181 3293 1241 3338 nec
1255 3293 1336 3338 nar-

448 3395 611 3455 rationum
624 3411 757 3455 suarum
769 3395 930 3456 illecebris
946 3395 1075 3470 capitur
1086 3393 1331 3468 detineturque.

448 3508 559 3582 Longe
574 3513 638 3571 alia
653 3514 682 3572 ei
700 3514 861 3574 sententia
875 3515 934 3581 est,
957 3515 988 3572 et
1003 3513 1098 3585 longe
1112 3511 1176 3570 alio
1190 3511 1280 3585 spect
1304 3512 1332 3570 t.

450 3624 607 3688 Fabulam
627 3629 719 3704 lingit
739 3633 774 3689 ut
788 3646 936 3705 personae
951 3629 1088 3690 lectores
1104 3628 1242 3688 doceant
1253 3625 1331 3701 quid

451 3749 489 3808 sle
509 3744 606 3805 rebus
623 3747 771 3821 publicis
787 3748 910 3823 quidde
924 3743 1332 3822 propriispopulorumque
