2942 5228
492 689 523 740 16
668 696 709 738 nu
728 696 753 738 J.
782 696 931 739 nnncusu
955 697 1119 742 pneumon

488 831 678 906 reliquerat.
711 830 774 889 Ros
801 831 909 890 autem
944 833 1062 906 praeter
1087 833 1158 905 ejus
1187 833 1371 908 opinionem

488 961 554 1005 non
569 945 695 1006 cecidit.
713 943 795 1004 Nam
820 961 918 1022 quum
942 945 975 1003 in
1000 946 1061 1005 hoc
1081 945 1163 1006 libro
1188 952 1371 1022 presertim

492 1061 694 1135 Guglielmus
710 1059 880 1120 Barclaius
892 1075 1025 1136 operam
1040 1061 1219 1124 insumeret
1240 1066 1275 1124 ut
1290 1065 1373 1126 Gre-

490 1177 618 1250 gorium
645 1173 824 1250 Septimum
844 1174 1113 1252 Bonil'aciumque
1137 1177 1292 1240 Octavum
1309 1183 1370 1242 sibi

485 1294 553 1365 jus,
567 1290 666 1351 nullis
681 1291 739 1350 eut
762 1289 891 1360 divinis
916 1293 972 1351 aut
987 1290 1139 1352 humanis
1152 1293 1276 1367 legibus
1294 1299 1372 1359 ante

489 1421 692 1476 concessum,
711 1407 745 1466 in
760 1405 985 1482 principesde
998 1406 1094 1468 rebus
1117 1410 1255 1485 politicis
1275 1429 1372 1475 arro-

489 1535 584 1594 gasse
612 1521 833 1594 contenderet,
861 1537 920 1580 nec
952 1521 1031 1582 sine·
1049 1539 1165 1598 magno
1201 1528 1372 1590 catholicoe

489 1633 656 1708 religionis
666 1634 783 1694 damno
793 1631 1027 1697 aliterdecerni
1038 1655 1133 1714 posse
1141 1635 1370 1716 arbitraretur,

489 1749 541 1810 vel
552 1752 699 1826 mortuus
712 1750 957 1834 acerbissimam
968 1755 1226 1818 controversiam
1237 1762 1368 1834 excivit,
1462 1769 1463 1800 l

489 1867 522 1925 et
551 1864 713 1927 loannem
756 1866 942 1930 Barclaium
975 1867 1193 1946 BellarminO,
1233 1880 1369 1953 patroci-

488 1980 578 2040 nium
607 1981 693 2044 laesae
726 1986 922 2060 pontificalis
955 1991 1137 2065 majestatis
1167 1991 1367 2067 suscipienti,

488 2091 667 2156 obnoxium
694 2098 794 2160 dedit.
811 2106 839 2160 A
860 2119 923 2178 quo
947 2106 1158 2170 vehementer
1185 2111 1369 2182 exagitatus

489 2209 544 2268 ille
558 2212 590 2270 et
607 2212 640 2270 in
662 2215 830 2288 angustias
852 2217 1022 2294 adductus,
1044 2239 1103 2299 pro
1123 2223 1218 2285 domo
1245 2239 1315 2296 sua,
1336 2229 1371 2286 ut

490 2321 536 2384 ita'
550 2325 667 2399 dicam,
684 2343 782 2402 agere
796 2346 930 2393 necesse
945 2334 1071 2408 habuit,
1084 2340 1116 2400 et
1125 2338 1257 2411 librum,
1278 2357 1371 2426 repu-
1462 2375 1463 2408 i

488 2441 610 2512 gnandi
627 2457 739 2516 causa,
757 2445 790 2505 in
815 2447 921 2520 lucem
937 2451 1072 2526 protulit
1087 2453 1141 2528 qui
1156 2453 1367 2516 inscribitur:
1462 2445 1463 2484 ³

487 2554 1371 2646 Pietussiccpnoticoeproreptonsucprinciptbnset

483 2666 634 2744 privatae
646 2679 767 2746 pro-G.
785 2680 949 2743 Burcloto
956 2685 1104 2757 parente
1120 2689 1282 2748 otitdtcioe
1295 2703 1371 2748 con·

413 2792 418 2798 ·
489 2782 546 2844 tra
564 2788 828 2852 Betlcrmmum.
1214 2803 1218 2817 ·

526 2897 671 2992 Longius
686 2907 866 2980 proiectoa
893 2913 1060 2988 proposito
1084 2931 1230 2977 errarem
1250 2919 1368 2994 siquae

487 3003 608 3068 tuerint
622 3009 708 3071 ultro
729 3014 876 3092 citroque
897 3032 916 3077 a
938 3018 1089 3080 Barclaio
1108 3022 1369 3102 Bellorminoque

488 3111 527 3172 de
542 3115 737 3188 pontificalis
759 3121 886 3198 imperii
907 3123 1025 3185 tinibus
1036 3127 1211 3205 disputata,
1233 3147 1369 3206 perpen-

488 3226 610 3289 derem.
627 3229 775 3308 Constat,
790 3237 1006 3312 plurimorum
1021 3246 1057 3304 ut
1067 3243 1128 3305 fert
1144 3246 1263 3322 opinio,
1279 3247 1369 3308 illum

486 3357 504 3401 e
523 3347 702 3408 certamine
725 3351 885 3412 minorem
907 3357 1061 3429 evasisse,
1087 3359 1155 3421 sive
1178 3361 1286 3422 minus
1310 3380 1368 3439 pu-

487 3460 583 3530 gnaci
612 3466 916 3540 concertatorioque
933 3470 995 3531 isto
1022 3471 1149 3534 dicendi
1174 3491 1292 3550 genere
1313 3478 1371 3539 de·
1462 3483 1463 3510 ³

487 3569 672 3649 lectarelur,
688 3580 759 3642 sive
779 3581 921 3644 civilium
941 3587 1297 3669 ecclesiasticarumque
1317 3609 1371 3653 re-

486 3700 560 3745 rum
582 3689 717 3754 scientia
734 3695 938 3762 deficeretur.
961 3699 1093 3764 Meliore
1113 3705 1212 3780 igitur
1232 3709 1368 3770 consilio
