<?xml version="1.0" encoding="UTF-8"?>
<!DOCTYPE html PUBLIC "-//W3C//DTD XHTML 1.0 Transitional//EN"
    "http://www.w3.org/TR/xhtml1/DTD/xhtml1-transitional.dtd">
<html xmlns="http://www.w3.org/1999/xhtml" xml:lang="en" lang="en">
 <head>
  <title>
</title>
<meta http-equiv="Content-Type" content="text/html;charset=utf-8" />
  <meta name='ocr-system' content='tesseract 3.04.00' />
  <meta name='ocr-capabilities' content='ocr_page ocr_carea ocr_par ocr_line ocrx_word'/>
</head>
<body>
  <div class='ocr_page' id='page_1' title='image "./dejoannisbarcla01boucgoog_0059.png"; bbox 0 0 2940 5230; ppageno 0'>
   <div class='ocr_carea' id='block_1_1' title="bbox 504 692 1173 750">
    <p class='ocr_par' dir='ltr' id='par_1_1' title="bbox 504 692 1173 750">
     <span class='ocr_line' id='line_1_1' title="bbox 504 692 1173 750; baseline 0.004 -4"><span class='ocrx_word' id='word_1_1' title='bbox 504 692 537 747; x_wconf 80' lang='lat' dir='ltr'>tt</span> <span class='ocrx_word' id='word_1_2' title='bbox 716 704 759 746; x_wconf 81' lang='lat' dir='ltr'>ns</span> <span class='ocrx_word' id='word_1_3' title='bbox 787 707 810 748; x_wconf 84' lang='lat' dir='ltr'>r.</span> <span class='ocrx_word' id='word_1_4' title='bbox 833 706 985 748; x_wconf 69' lang='lat' dir='ltr'>abactam</span> <span class='ocrx_word' id='word_1_5' title='bbox 1005 706 1173 750; x_wconf 75' lang='lat' dir='ltr'>nnnnnrnn</span> 
     </span>
    </p>
   </div>
   <div class='ocr_carea' id='block_1_2' title="bbox 496 837 1389 2183">
    <p class='ocr_par' dir='ltr' id='par_1_2' title="bbox 496 837 1389 2183">
     <span class='ocr_line' id='line_1_2' title="bbox 502 837 1389 904; baseline 0.005 -4"><span class='ocrx_word' id='word_1_6' title='bbox 502 837 657 902; x_wconf 87' lang='lat' dir='ltr'>clientum</span> <span class='ocrx_word' id='word_1_7' title='bbox 675 855 810 902; x_wconf 83' lang='lat' dir='ltr'>suorum</span> <span class='ocrx_word' id='word_1_8' title='bbox 830 839 963 902; x_wconf 87' lang='lat' dir='ltr'>vocibus</span> <span class='ocrx_word' id='word_1_9' title='bbox 992 841 1025 901; x_wconf 91' lang='lat' dir='ltr'>in</span> <span class='ocrx_word' id='word_1_10' title='bbox 1041 839 1103 902; x_wconf 87' lang='lat' dir='ltr'>hac</span> <span class='ocrx_word' id='word_1_11' title='bbox 1126 841 1303 904; x_wconf 84' lang='lat' dir='ltr'>ambitione</span> <span class='ocrx_word' id='word_1_12' title='bbox 1320 843 1389 904; x_wconf 82' lang='lat' dir='ltr'>tre·</span> 
     </span>
     <span class='ocr_line' id='line_1_3' title="bbox 502 954 1387 1032; baseline 0.003 -16"><span class='ocrx_word' id='word_1_13' title='bbox 502 954 700 1032; x_wconf 84' lang='lat' dir='ltr'>quentibus;</span> <span class='ocrx_word' id='word_1_14' title='bbox 732 957 767 1018; x_wconf 88' lang='lat' dir='ltr'>ut</span> <span class='ocrx_word' id='word_1_15' title='bbox 789 955 948 1026; x_wconf 82' lang='lat' dir='ltr'>dicerent,</span> <span class='ocrx_word' id='word_1_16' title='bbox 977 954 1196 1030; x_wconf 81' lang='lat' dir='ltr'>languescens</span> <span class='ocrx_word' id='word_1_17' title='bbox 1223 956 1284 1019; x_wconf 90' lang='lat' dir='ltr'>sub</span> <span class='ocrx_word' id='word_1_18' title='bbox 1313 957 1387 1018; x_wconf 82' lang='lat' dir='ltr'>Bri-</span> 
     </span>
     <span class='ocr_line' id='line_1_4' title="bbox 503 1071 1371 1148; baseline 0.003 -16"><span class='ocrx_word' id='word_1_19' title='bbox 503 1071 655 1132; x_wconf 86' lang='lat' dir='ltr'>tomande</span> <span class='ocrx_word' id='word_1_20' title='bbox 686 1071 856 1148; x_wconf 84' lang='lat' dir='ltr'>imperium</span> <span class='ocrx_word' id='word_1_21' title='bbox 881 1087 900 1131; x_wconf 87' lang='lat' dir='ltr'>a</span> <span class='ocrx_word' id='word_1_22' title='bbox 927 1076 1061 1133; x_wconf 89' lang='lat' dir='ltr'>strenuo</span> <span class='ocrx_word' id='word_1_23' title='bbox 1082 1071 1216 1132; x_wconf 89' lang='lat' dir='ltr'>bomine</span> <span class='ocrx_word' id='word_1_24' title='bbox 1240 1073 1371 1134; x_wconf 86' lang='lat' dir='ltr'>excitam</span> 
     </span>
     <span class='ocr_line' id='line_1_5' title="bbox 503 1185 1372 1262; baseline 0.003 -14"><span class='ocrx_word' id='word_1_25' title='bbox 503 1185 593 1250; x_wconf 85' lang='lat' dir='ltr'>dum.</span> <span class='ocrx_word' id='word_1_26' title='bbox 623 1187 697 1248; x_wconf 88' lang='lat' dir='ltr'>Plus</span> <span class='ocrx_word' id='word_1_27' title='bbox 728 1203 866 1260; x_wconf 67' lang='lat' dir='ltr'>reguum</span> <span class='ocrx_word' id='word_1_28' title='bbox 897 1187 1150 1262; x_wconf 85' lang='lat' dir='ltr'>Commindorigi</span> <span class='ocrx_word' id='word_1_29' title='bbox 1187 1188 1372 1251; x_wconf 88' lang='lat' dir='ltr'>debiturum</span> 
     </span>
     <span class='ocr_line' id='line_1_6' title="bbox 500 1303 1372 1382; baseline 0.003 -17"><span class='ocrx_word' id='word_1_30' title='bbox 500 1318 598 1382; x_wconf 84' lang='lat' dir='ltr'>quarn</span> <span class='ocrx_word' id='word_1_31' title='bbox 625 1303 917 1378; x_wconf 82' lang='lat' dir='ltr'>Commindorigem</span> <span class='ocrx_word' id='word_1_32' title='bbox 950 1319 1064 1379; x_wconf 80' lang='lat' dir='ltr'>regne,</span> <span class='ocrx_word' id='word_1_33' title='bbox 1088 1304 1116 1364; x_wconf 90' lang='lat' dir='ltr'>si</span> <span class='ocrx_word' id='word_1_34' title='bbox 1139 1304 1171 1364; x_wconf 88' lang='lat' dir='ltr'>id</span> <span class='ocrx_word' id='word_1_35' title='bbox 1195 1307 1226 1364; x_wconf 91' lang='lat' dir='ltr'>ei</span> <span class='ocrx_word' id='word_1_36' title='bbox 1242 1306 1372 1382; x_wconf 86' lang='lat' dir='ltr'>placere</span> 
     </span>
     <span class='ocr_line' id='line_1_7' title="bbox 500 1419 1389 1496; baseline 0.004 -18"><span class='ocrx_word' id='word_1_37' title='bbox 500 1419 675 1494; x_wconf 87' lang='lat' dir='ltr'>auspicari.</span> <span class='ocrx_word' id='word_1_38' title='bbox 692 1419 811 1481; x_wconf 86' lang='lat' dir='ltr'>Parum</span> <span class='ocrx_word' id='word_1_39' title='bbox 827 1421 987 1481; x_wconf 83' lang='lat' dir='ltr'>interesse</span> <span class='ocrx_word' id='word_1_40' title='bbox 1002 1419 1224 1480; x_wconf 87' lang='lat' dir='ltr'>Britomandis</span> <span class='ocrx_word' id='word_1_41' title='bbox 1239 1420 1281 1480; x_wconf 86' lang='lat' dir='ltr'>ad</span> <span class='ocrx_word' id='word_1_42' title='bbox 1297 1423 1389 1496; x_wconf 83' lang='lat' dir='ltr'>regia</span> 
     </span>
     <span class='ocr_line' id='line_1_8' title="bbox 501 1531 1383 1611; baseline 0.006 -21"><span class='ocrx_word' id='word_1_43' title='bbox 501 1531 611 1591; x_wconf 89' lang='lat' dir='ltr'>munia</span> <span class='ocrx_word' id='word_1_44' title='bbox 627 1533 738 1610; x_wconf 81' lang='lat' dir='ltr'>inepti,</span> <span class='ocrx_word' id='word_1_45' title='bbox 762 1549 801 1595; x_wconf 91' lang='lat' dir='ltr'>ac</span> <span class='ocrx_word' id='word_1_46' title='bbox 819 1536 979 1611; x_wconf 75' lang='lat' dir='ltr'>praeterea</span> <span class='ocrx_word' id='word_1_47' title='bbox 999 1534 1086 1594; x_wconf 88' lang='lat' dir='ltr'>virili</span> <span class='ocrx_word' id='word_1_48' title='bbox 1111 1533 1203 1610; x_wconf 84' lang='lat' dir='ltr'>prole</span> <span class='ocrx_word' id='word_1_49' title='bbox 1227 1535 1383 1604; x_wconf 84' lang='lat' dir='ltr'>carentis,</span> 
     </span>
     <span class='ocr_line' id='line_1_9' title="bbox 500 1646 1389 1726; baseline 0.006 -21"><span class='ocrx_word' id='word_1_50' title='bbox 500 1661 564 1724; x_wconf 91' lang='lat' dir='ltr'>quo</span> <span class='ocrx_word' id='word_1_51' title='bbox 578 1647 708 1709; x_wconf 90' lang='lat' dir='ltr'>nomine</span> <span class='ocrx_word' id='word_1_52' title='bbox 731 1650 923 1726; x_wconf 83' lang='lat' dir='ltr'>appelletur.</span> <span class='ocrx_word' id='word_1_53' title='bbox 946 1646 1242 1723; x_wconf 84' lang='lat' dir='ltr'>Commindorigem</span> <span class='ocrx_word' id='word_1_54' title='bbox 1260 1665 1389 1710; x_wconf 82' lang='lat' dir='ltr'>nonsu-</span> 
     </span>
     <span class='ocr_line' id='line_1_10' title="bbox 499 1763 1384 1844; baseline 0.003 -19"><span class='ocrx_word' id='word_1_55' title='bbox 499 1763 565 1826; x_wconf 90' lang='lat' dir='ltr'>lum</span> <span class='ocrx_word' id='word_1_56' title='bbox 582 1781 624 1828; x_wconf 84' lang='lat' dir='ltr'>ex</span> <span class='ocrx_word' id='word_1_57' title='bbox 639 1767 742 1840; x_wconf 85' lang='lat' dir='ltr'>prima</span> <span class='ocrx_word' id='word_1_58' title='bbox 754 1767 936 1838; x_wconf 87' lang='lat' dir='ltr'>nobilitate,</span> <span class='ocrx_word' id='word_1_59' title='bbox 947 1768 1002 1828; x_wconf 91' lang='lat' dir='ltr'>sed</span> <span class='ocrx_word' id='word_1_60' title='bbox 1014 1768 1290 1844; x_wconf 82' lang='lat' dir='ltr'>praetereavirum</span> <span class='ocrx_word' id='word_1_61' title='bbox 1300 1783 1384 1830; x_wconf 89' lang='lat' dir='ltr'>esse.</span> 
     </span>
     <span class='ocr_line' id='line_1_11' title="bbox 496 1879 1387 1959; baseline 0 -15"><span class='ocrx_word' id='word_1_62' title='bbox 496 1879 637 1958; x_wconf 83' lang='lat' dir='ltr'>Jamque</span> <span class='ocrx_word' id='word_1_63' title='bbox 652 1881 739 1944; x_wconf 90' lang='lat' dir='ltr'>haud</span> <span class='ocrx_word' id='word_1_64' title='bbox 755 1881 866 1959; x_wconf 88' lang='lat' dir='ltr'>procul</span> <span class='ocrx_word' id='word_1_65' title='bbox 883 1881 924 1942; x_wconf 90' lang='lat' dir='ltr'>ab</span> <span class='ocrx_word' id='word_1_66' title='bbox 939 1881 1031 1942; x_wconf 88' lang='lat' dir='ltr'>exitu</span> <span class='ocrx_word' id='word_1_67' title='bbox 1053 1882 1148 1941; x_wconf 86' lang='lat' dir='ltr'>erant</span> <span class='ocrx_word' id='word_1_68' title='bbox 1171 1880 1294 1944; x_wconf 80' lang='lat' dir='ltr'>furiosa</span> <span class='ocrx_word' id='word_1_69' title='bbox 1309 1897 1387 1944; x_wconf 85' lang='lat' dir='ltr'>con-</span> 
     </span>
     <span class='ocr_line' id='line_1_12' title="bbox 499 1994 1387 2072; baseline 0.002 -16"><span class='ocrx_word' id='word_1_70' title='bbox 499 1995 584 2058; x_wconf 89' lang='lat' dir='ltr'>silia.</span> <span class='ocrx_word' id='word_1_71' title='bbox 606 1995 783 2058; x_wconf 77' lang='lat' dir='ltr'>Dicebatur</span> <span class='ocrx_word' id='word_1_72' title='bbox 799 1997 962 2071; x_wconf 89' lang='lat' dir='ltr'>tyrannus</span> <span class='ocrx_word' id='word_1_73' title='bbox 988 1995 1114 2070; x_wconf 82' lang='lat' dir='ltr'>agitare</span> <span class='ocrx_word' id='word_1_74' title='bbox 1133 2011 1197 2072; x_wconf 85' lang='lat' dir='ltr'>quo</span> <span class='ocrx_word' id='word_1_75' title='bbox 1222 1994 1387 2058; x_wconf 87' lang='lat' dir='ltr'>tutissime</span> 
     </span>
     <span class='ocr_line' id='line_1_13' title="bbox 500 2109 1383 2183; baseline -0.005 -7"><span class='ocrx_word' id='word_1_76' title='bbox 500 2113 709 2176; x_wconf 64' lang='lat' dir='ltr'>munimentov</span> <span class='ocrx_word' id='word_1_77' title='bbox 724 2113 796 2174; x_wconf 84' lang='lat' dir='ltr'>Rex</span> <span class='ocrx_word' id='word_1_78' title='bbox 810 2127 883 2172; x_wconf 89' lang='lat' dir='ltr'>cum</span> <span class='ocrx_word' id='word_1_79' title='bbox 913 2127 972 2172; x_wconf 91' lang='lat' dir='ltr'>sna</span> <span class='ocrx_word' id='word_1_80' title='bbox 994 2109 1168 2172; x_wconf 85' lang='lat' dir='ltr'>Timandra</span> <span class='ocrx_word' id='word_1_81' title='bbox 1194 2111 1383 2183; x_wconf 85' lang='lat' dir='ltr'>teneretur;</span> 
     </span>
    </p>
   </div>
   <div class='ocr_carea' id='block_1_3' title="bbox 434 2231 1451 3584">
    <p class='ocr_par' dir='ltr' id='par_1_3' title="bbox 434 2231 1451 3005">
     <span class='ocr_line' id='line_1_14' title="bbox 434 2231 1382 2318; baseline -0.007 -17"><span class='ocrx_word' id='word_1_82' title='bbox 434 2231 446 2244; x_wconf 80' lang='grc'><strong>“</strong></span> <span class='ocrx_word' id='word_1_83' title='bbox 487 2255 569 2318; x_wconf 64' lang='lat' dir='ltr'>,quae</span> <span class='ocrx_word' id='word_1_84' title='bbox 580 2241 619 2300; x_wconf 91' lang='lat' dir='ltr'>ad</span> <span class='ocrx_word' id='word_1_85' title='bbox 632 2255 744 2300; x_wconf 89' lang='lat' dir='ltr'>eorum</span> <span class='ocrx_word' id='word_1_86' title='bbox 756 2238 879 2298; x_wconf 82' lang='lat' dir='ltr'>victum</span> <span class='ocrx_word' id='word_1_87' title='bbox 888 2233 1059 2310; x_wconf 82' lang='lat' dir='ltr'>uectigalia</span> <span class='ocrx_word' id='word_1_88' title='bbox 1072 2233 1298 2309; x_wconf 81' lang='lat' dir='ltr'>relinquenda,</span> <span class='ocrx_word' id='word_1_89' title='bbox 1310 2236 1382 2312; x_wconf 88' lang='lat' dir='ltr'>quis</span> 
     </span>
     <span class='ocr_line' id='line_1_15' title="bbox 498 2349 1384 2434; baseline -0.009 -16"><span class='ocrx_word' id='word_1_90' title='bbox 498 2358 627 2434; x_wconf 87' lang='lat' dir='ltr'>utrique</span> <span class='ocrx_word' id='word_1_91' title='bbox 640 2355 824 2424; x_wconf 88' lang='lat' dir='ltr'>comitatus,</span> <span class='ocrx_word' id='word_1_92' title='bbox 837 2367 950 2429; x_wconf 85' lang='lat' dir='ltr'>quaeve</span> <span class='ocrx_word' id='word_1_93' title='bbox 963 2351 1121 2412; x_wconf 85' lang='lat' dir='ltr'>custodia.</span> <span class='ocrx_word' id='word_1_94' title='bbox 1139 2349 1229 2410; x_wconf 88' lang='lat' dir='ltr'>Adeo</span> <span class='ocrx_word' id='word_1_95' title='bbox 1244 2350 1384 2428; x_wconf 85' lang='lat' dir='ltr'>denique</span> 
     </span>
     <span class='ocr_line' id='line_1_16' title="bbox 497 2465 1451 2572; baseline -0.006 -40"><span class='ocrx_word' id='word_1_96' title='bbox 497 2471 693 2549; x_wconf 83' lang='lat' dir='ltr'>despexerat</span> <span class='ocrx_word' id='word_1_97' title='bbox 711 2471 875 2546; x_wconf 87' lang='lat' dir='ltr'>jacentem</span> <span class='ocrx_word' id='word_1_98' title='bbox 897 2465 1151 2531; x_wconf 81' lang='lat' dir='ltr'>Britomandem</span> <span class='ocrx_word' id='word_1_99' title='bbox 1170 2465 1207 2526; x_wconf 88' lang='lat' dir='ltr'>ut</span> <span class='ocrx_word' id='word_1_100' title='bbox 1226 2466 1385 2543; x_wconf 83' lang='lat' dir='ltr'>perplexe</span> <span class='ocrx_word' id='word_1_101' title='bbox 1450 2493 1451 2572; x_wconf 45' lang='lat' dir='ltr'>p</span> 
     </span>
     <span class='ocr_line' id='line_1_17' title="bbox 496 2581 1451 2658; baseline -0.001 -13"><span class='ocrx_word' id='word_1_102' title='bbox 496 2585 632 2646; x_wconf 83' lang='lat' dir='ltr'>auderet</span> <span class='ocrx_word' id='word_1_103' title='bbox 642 2584 814 2655; x_wconf 84' lang='lat' dir='ltr'>sciscitari,</span> <span class='ocrx_word' id='word_1_104' title='bbox 831 2597 874 2642; x_wconf 90' lang='lat' dir='ltr'>an</span> <span class='ocrx_word' id='word_1_105' title='bbox 888 2581 1073 2658; x_wconf 87' lang='lat' dir='ltr'>relinquere</span> <span class='ocrx_word' id='word_1_106' title='bbox 1087 2581 1173 2642; x_wconf 86' lang='lat' dir='ltr'>ultro</span> <span class='ocrx_word' id='word_1_107' title='bbox 1188 2582 1300 2658; x_wconf 89' lang='lat' dir='ltr'>posset</span> <span class='ocrx_word' id='word_1_108' title='bbox 1315 2587 1382 2644; x_wconf 93' lang='lat' dir='ltr'>tam</span> <span class='ocrx_word' id='word_1_109' title='bbox 1450 2587 1451 2602; x_wconf 65' lang='lat'>¹</span> 
     </span>
     <span class='ocr_line' id='line_1_18' title="bbox 498 2697 1380 2776; baseline 0 -16"><span class='ocrx_word' id='word_1_110' title='bbox 498 2714 598 2776; x_wconf 79' lang='lat' dir='ltr'>grave</span> <span class='ocrx_word' id='word_1_111' title='bbox 637 2701 669 2759; x_wconf 90' lang='lat' dir='ltr'>et</span> <span class='ocrx_word' id='word_1_112' title='bbox 700 2699 873 2760; x_wconf 88' lang='lat' dir='ltr'>molestum</span> <span class='ocrx_word' id='word_1_113' title='bbox 914 2697 1052 2772; x_wconf 84' lang='lat' dir='ltr'>negotiis</span> <span class='ocrx_word' id='word_1_114' title='bbox 1083 2698 1210 2772; x_wconf 83' lang='lat' dir='ltr'>regium</span> <span class='ocrx_word' id='word_1_115' title='bbox 1247 2714 1380 2760; x_wconf 90' lang='lat' dir='ltr'>nomen.</span> 
     </span>
     <span class='ocr_line' id='line_1_19' title="bbox 497 2812 1450 2892; baseline -0.008 -16"><span class='ocrx_word' id='word_1_116' title='bbox 497 2813 621 2892; x_wconf 87' lang='lat' dir='ltr'>Quippe</span> <span class='ocrx_word' id='word_1_117' title='bbox 645 2817 736 2878; x_wconf 84' lang='lat' dir='ltr'>ratus</span> <span class='ocrx_word' id='word_1_118' title='bbox 761 2813 898 2874; x_wconf 90' lang='lat' dir='ltr'>multum</span> <span class='ocrx_word' id='word_1_119' title='bbox 923 2812 983 2872; x_wconf 88' lang='lat' dir='ltr'>sibi</span> <span class='ocrx_word' id='word_1_120' title='bbox 1007 2813 1217 2874; x_wconf 80' lang='lat' dir='ltr'>decessurum</span> <span class='ocrx_word' id='word_1_121' title='bbox 1237 2814 1380 2876; x_wconf 86' lang='lat' dir='ltr'>invidiae.</span> <span class='ocrx_word' id='word_1_122' title='bbox 1449 2865 1450 2868; x_wconf 74' lang='grc'>,</span> 
     </span>
     <span class='ocr_line' id='line_1_20' title="bbox 497 2927 1078 3005; baseline -0.014 -15"><span class='ocrx_word' id='word_1_123' title='bbox 497 2930 524 2989; x_wconf 91' lang='lat' dir='ltr'>si</span> <span class='ocrx_word' id='word_1_124' title='bbox 542 2929 608 2990; x_wconf 87' lang='lat' dir='ltr'>ida</span> <span class='ocrx_word' id='word_1_125' title='bbox 626 2928 755 2990; x_wconf 79' lang='lat' dir='ltr'>uolente</span> <span class='ocrx_word' id='word_1_126' title='bbox 770 2927 1018 3005; x_wconf 86' lang='lat' dir='ltr'>impetravisset.</span> <span class='ocrx_word' id='word_1_127' title='bbox 1036 2934 1043 2964; x_wconf 90' lang='lat'>¹</span> <span class='ocrx_word' id='word_1_128' title='bbox 1062 2949 1078 2982; x_wconf 84' lang='lat'>»</span> 
     </span>
    </p>

    <p class='ocr_par' dir='ltr' id='par_1_4' title="bbox 493 3045 1449 3584">
     <span class='ocr_line' id='line_1_21' title="bbox 534 3045 1383 3124; baseline -0.001 -17"><span class='ocrx_word' id='word_1_129' title='bbox 534 3047 682 3108; x_wconf 87' lang='lat' dir='ltr'>Mirabile</span> <span class='ocrx_word' id='word_1_130' title='bbox 698 3049 747 3107; x_wconf 89' lang='lat' dir='ltr'>est</span> <span class='ocrx_word' id='word_1_131' title='bbox 761 3046 923 3124; x_wconf 88' lang='lat' dir='ltr'>quomodo</span> <span class='ocrx_word' id='word_1_132' title='bbox 939 3045 1047 3106; x_wconf 87' lang='lat' dir='ltr'>omnia</span> <span class='ocrx_word' id='word_1_133' title='bbox 1060 3045 1130 3105; x_wconf 85' lang='lat' dir='ltr'>haec</span> <span class='ocrx_word' id='word_1_134' title='bbox 1145 3045 1232 3105; x_wconf 87' lang='lat' dir='ltr'>inter</span> <span class='ocrx_word' id='word_1_135' title='bbox 1245 3059 1281 3104; x_wconf 92' lang='lat' dir='ltr'>se</span> <span class='ocrx_word' id='word_1_136' title='bbox 1299 3060 1383 3106; x_wconf 91' lang='lat' dir='ltr'>con-</span> 
     </span>
     <span class='ocr_line' id='line_1_22' title="bbox 493 3157 1449 3240; baseline -0.007 -14"><span class='ocrx_word' id='word_1_137' title='bbox 493 3165 626 3240; x_wconf 81' lang='lat' dir='ltr'>gruant,</span> <span class='ocrx_word' id='word_1_138' title='bbox 643 3162 895 3239; x_wconf 85' lang='lat' dir='ltr'>Guisiorumque</span> <span class='ocrx_word' id='word_1_139' title='bbox 920 3162 954 3222; x_wconf 92' lang='lat' dir='ltr'>in</span> <span class='ocrx_word' id='word_1_140' title='bbox 984 3175 1094 3235; x_wconf 81' lang='lat' dir='ltr'>regem</span> <span class='ocrx_word' id='word_1_141' title='bbox 1114 3183 1130 3214; x_wconf 91' lang='lat'>«</span> <span class='ocrx_word' id='word_1_142' title='bbox 1154 3157 1382 3220; x_wconf 84' lang='lat' dir='ltr'>monachalem</span> <span class='ocrx_word' id='word_1_143' title='bbox 1448 3197 1449 3200; x_wconf 56' lang='lat'><em>=</em></span> 
     </span>
     <span class='ocr_line' id='line_1_23' title="bbox 493 3276 1379 3350; baseline -0.01 -7"><span class='ocrx_word' id='word_1_144' title='bbox 493 3295 647 3343; x_wconf 88' lang='lat' dir='ltr'>coronam</span> <span class='ocrx_word' id='word_1_145' title='bbox 682 3303 694 3332; x_wconf 71' lang='lat' dir='ltr'>u</span> <span class='ocrx_word' id='word_1_146' title='bbox 730 3279 950 3340; x_wconf 88' lang='lat' dir='ltr'>minitantium</span> <span class='ocrx_word' id='word_1_147' title='bbox 983 3277 1120 3339; x_wconf 89' lang='lat' dir='ltr'>consilia</span> <span class='ocrx_word' id='word_1_148' title='bbox 1155 3276 1379 3350; x_wconf 85' lang='lat' dir='ltr'>designentur.</span> 
     </span>
     <span class='ocr_line' id='line_1_24' title="bbox 494 3390 1379 3466; baseline -0.008 -7"><span class='ocrx_word' id='word_1_149' title='bbox 494 3396 625 3459; x_wconf 87' lang='lat' dir='ltr'>Scilicet</span> <span class='ocrx_word' id='word_1_150' title='bbox 639 3397 777 3458; x_wconf 87' lang='lat' dir='ltr'>alterum</span> <span class='ocrx_word' id='word_1_151' title='bbox 802 3393 1038 3466; x_wconf 86' lang='lat' dir='ltr'>Meleandrum‚</span> <span class='ocrx_word' id='word_1_152' title='bbox 1061 3392 1200 3454; x_wconf 90' lang='lat' dir='ltr'>alterum</span> <span class='ocrx_word' id='word_1_153' title='bbox 1221 3392 1254 3452; x_wconf 90' lang='lat' dir='ltr'>et</span> <span class='ocrx_word' id='word_1_154' title='bbox 1273 3390 1379 3466; x_wconf 87' lang='lat' dir='ltr'>Lyco-</span> 
     </span>
     <span class='ocr_line' id='line_1_25' title="bbox 494 3509 794 3584; baseline -0.003 -14"><span class='ocrx_word' id='word_1_155' title='bbox 494 3525 608 3584; x_wconf 75' lang='lat' dir='ltr'>genem</span> <span class='ocrx_word' id='word_1_156' title='bbox 626 3509 794 3572; x_wconf 78' lang='lat' dir='ltr'>habemus</span> 
     </span>
    </p>
   </div>
   <div class='ocr_carea' id='block_1_4' title="bbox 534 3758 1115 3829">
    <p class='ocr_par' dir='ltr' id='par_1_5' title="bbox 534 3758 1115 3829">
     <span class='ocr_line' id='line_1_26' title="bbox 534 3758 1115 3829; baseline -0.003 -17"><span class='ocrx_word' id='word_1_157' title='bbox 534 3759 579 3814; x_wconf 83' lang='lat' dir='ltr'>¹J.</span> <span class='ocrx_word' id='word_1_158' title='bbox 595 3763 720 3813; x_wconf 75' lang='lat' dir='ltr'>Bancnuu</span> <span class='ocrx_word' id='word_1_159' title='bbox 736 3759 849 3829; x_wconf 67' lang='lat' dir='ltr'>deponis.</span> <span class='ocrx_word' id='word_1_160' title='bbox 866 3761 920 3814; x_wconf 87' lang='lat' dir='ltr'>Lib.</span> <span class='ocrx_word' id='word_1_161' title='bbox 936 3762 983 3814; x_wconf 87' lang='lat' dir='ltr'>tv.</span> <span class='ocrx_word' id='word_1_162' title='bbox 1002 3758 1068 3828; x_wconf 78' lang='lat' dir='ltr'>Cap.</span> <span class='ocrx_word' id='word_1_163' title='bbox 1090 3767 1115 3812; x_wconf 77' lang='lat' dir='ltr'>tt</span> 
     </span>
    </p>
   </div>
   <div class='ocr_carea' id='block_1_5' title="bbox 0 0 1474 5230">
    <p class='ocr_par' dir='ltr' id='par_1_6' title="bbox 0 0 1474 5230">
     <span class='ocr_line' id='line_1_27' title="bbox 0 0 1474 5230; baseline 0 1"><span class='ocrx_word' id='word_1_164' title='bbox 0 0 1474 5230; x_wconf 95' lang='lat' dir='ltr'> </span> 
     </span>
    </p>
   </div>
  </div>
 </body>
</html>
