2940 5230
487 697 521 750 36
707 707 746 752 ou
766 709 790 754 s.
808 703 959 751 uuaouuu
984 703 1149 747 luamus

487 865 501 896 »
526 841 591 902 luni
608 842 810 906 habuissent,
836 839 1106 916 argentumque,
1124 839 1231 900 donec
1254 842 1288 899 in
1305 856 1370 900 ma·

484 958 713 1020 ›trimouium
739 957 884 1026 daretur,
910 955 987 1016 Deae
1009 956 1076 1015 aris
1107 956 1312 1031 praefecisse.
1336 959 1371 1015 lit

486 1075 732 1136 »Poliarclrum
760 1077 885 1134 remota
915 1075 1005 1133 larva
1029 1074 1061 1132 iu
1091 1072 1217 1146 regiam
1239 1074 1372 1134 venisse
1438 1069 1439 1160 l

484 1211 498 1246 »
523 1193 555 1252 et
572 1189 691 1250 furtiva
706 1205 778 1250 cum
804 1189 928 1262 uirgine
949 1187 1069 1248 foedera
1085 1187 1249 1262 junxisse.
1267 1188 1373 1247 Radi—
1438 1169 1439 1240 Ῐ

482 1331 499 1364 ›
522 1309 635 1369 robaui
657 1323 735 1367 vero
755 1321 819 1365 uon
836 1305 1095 1381 desperandum:
1117 1305 1190 1378 cogi
1206 1304 1294 1364 velle
1312 1308 1373 1366 Ar·
1438 1323 1439 1404 l

473 1429 500 1485 's
522 1425 670 1502 geuulem
683 1449 695 1478 n
709 1423 822 1485 edocet
838 1422 1284 1499 Selenissa.opemquesuam
1295 1439 1373 1496 pro-
1438 1439 1439 1496 l

479 1539 587 1601 mittit.
605 1539 666 1600 Sed
684 1541 738 1598 ille
754 1555 853 1616 quum
879 1539 918 1598 ad
943 1539 1165 1598 natalitiorum
1192 1539 1372 1612 Argenidis

426 1673 431 1682 ·
478 1656 834 1717 anniversariuurdiem
846 1653 1084 1716 extotaSicilia
1096 1657 1368 1727 concurreretur,
1438 1629 1439 1700 ἶ

475 1773 508 1832 vi
525 1772 630 1848 potius
647 1787 742 1848 quam
763 1770 949 1848 eloquentia
973 1770 1086 1840 fretus,
1107 1785 1260 1844 magnam
1277 1787 1369 1846 pom·
1438 1749 1439 1824 l

476 1902 549 1964 paru
566 1889 654 1948 i'elut
673 1885 711 1946 au
728 1885 815 1946 luurc
832 1885 916 1945 (liam
937 1886 1229 1946 commendandum
1251 1889 1366 1962 parari
1438 1949 1439 1952 ,

472 2003 576 2079 J'ubet.
594 2001 679 2062 adsit
691 2001 742 2062 cui
754 2015 848 2062 uento
861 2017 925 2061 uon
939 2001 1040 2061 armis
1054 2002 1257 2072 succinctus;
1272 2003 1366 2077 jarn-

474 2135 535 2196 que
563 2119 638 2180 filiae
661 2119 829 2195 patrisque
858 2119 967 2194 raptui
992 2118 1161 2194 proximus
1184 2121 1268 2189 erat,
1291 2119 1364 2180 doli
1438 2155 1439 2192 f

472 2235 627 2311 comperti
647 2251 744 2311 quuru
766 2211 995 2309 exploduntur.
1018 2231 1146 2294 Interea
1156 2231 1360 2294 Poliarobus
1438 2313 1439 2320 ἵ

419 2383 425 2396 ·
471 2368 611 2414 excussa
632 2356 793 2430 quartana
809 2367 872 2430 qua
886 2353 1005 2412 dudum
1021 2352 1202 2425 laborabat,
1220 2355 1253 2414 iu
1270 2353 1362 2444 Sici—

464 2460 548 2518 liam
575 2463 763 2535 trajecerat,
789 2463 822 2520 ot
845 2459 1072 2520 Arclrorubroti
1096 2460 1235 2521 vzctoria
1261 2465 1359 2537 quasi
1438 2505 1439 2528 r

473 2573 608 2632 itrlruine
623 2575 904 2651 commotusque
921 2589 1002 2650 opus
1018 2574 1103 2634 tauto
1119 2578 1216 2647 esset,
1234 2575 1358 2637 multos

469 2691 556 2748 inter
576 2689 748 2764 singultus
764 2707 837 2751 cum
864 2691 1026 2765 Argenide
1048 2692 1132 2751 clam
1155 2693 1352 2766 agitaverat.

507 2803 573 2866 Neo
588 2807 723 2868 meliore
737 2809 806 2868 loco
821 2806 998 2868 Meleandri
1017 2823 1070 2867 res
1085 2809 1156 2869 sitae
1176 2812 1283 2869 crant.
1297 2809 1354 2868 ln-

465 2921 625 2982 vidiosum
640 2925 725 2982 cuim
753 2924 779 2982 is
794 2923 1076 3000 periculosumque
1091 2925 1186 2984 simol
1213 2924 1354 2985 arbitra-

463 3038 560 3099 batur
585 3039 679 3110 iram,
695 3039 770 3098 licet
790 3040 924 3112 justam.
941 3055 1097 3100 exercere
1116 3037 1149 3099 in
1165 3057 1274 3116 regem
1287 3059 1353 3102 nu-

464 3157 604 3229 perrime
620 3155 720 3224 (lese,
743 3156 845 3232 deque
860 3172 960 3231 reguo
968 3157 1051 3217 boue
1066 3160 1228 3228 meritum,
1247 3175 1351 3236 neque

461 3287 523 3344 quo
539 3287 572 3330 se
594 3276 738 3350 verteret
753 3271 905 3347 habebat,
921 3274 1102 3348 praesertim
1130 3289 1228 3348 quum
1245 3270 1349 3340 Radi-

460 3386 599 3445 rouanes
616 3387 726 3446 uuens
751 3363 883 3448 uaeas
907 3371 947 3446 iu
970 3388 1059 3448 ulum
1089 3389 1347 3466 miseroquuus

457 3515 529 3574 quae
542 3503 721 3575 accepisset
750 3517 769 3560 a
794 3500 961 3561 Selenissa
976 3505 1101 3564 secreta
1116 3505 1342 3579 vulgarentur.

457 3627 587 3686 unaque
618 3590 795 3689 Argeuidis'
817 3616 901 3676 tama
929 3619 1158 3680 temeraretur.
1181 3619 1239 3681 His
1266 3638 1344 3698 per-

454 3727 549 3787 lectis
565 3729 752 3791 bleleauder
775 3734 862 3793 curis
885 3734 1033 3806 obrutae,
1056 3739 1179 3798 arcessi
1201 3737 1342 3800 Selenis-
