2974 5222
478 721 512 770 do
691 731 732 773 nr.
754 733 779 774 a.
803 733 948 775 nuncnnn
974 735 1140 776 inflatura

477 861 572 919 ruodo
586 863 636 920 isti
651 863 682 920 in
696 863 822 921 titulnin
836 863 969 938 publica·
980 863 1128 924 utilitatis
1141 881 1194 924 res
1208 866 1361 940 privatas

477 981 657 1049 praetexere
674 977 809 1038 soleant.
835 993 921 1038 nunc
937 995 970 1038 se
986 981 1164 1039 insontesa
1180 997 1255 1054 rege
1281 999 1361 1056 prn-

476 1089 608 1149 ditionis
632 1091 812 1150 insimulari
835 1093 1055 1170 destinarique
1073 1095 1249 1170 suppliciis
1266 1113 1358 1156 nunc

475 1219 557 1264 nora
569 1207 712 1281 portoria
728 1206 963 1284 vectigaliaque
978 1210 1011 1268 et
1024 1209 1088 1267 alia
1113 1209 1281 1283 praedandi
1300 1229 1356 1272 uo-

474 1319 588 1378 cabula
602 1321 743 1395 quotidie
755 1321 947 1394 excogitari.
965 1339 1050 1382 nunc
1064 1325 1243 1383 exanimati
1255 1329 1355 1399 regni

473 1437 631 1506 saripuine
643 1451 763 1511 paucas
779 1436 946 1496 hirudines
965 1437 1099 1513 expleri,
1117 1441 1150 1498 et
1171 1440 1263 1498 novis
1289 1441 1355 1500 ho-

472 1549 612 1610 nrindtns
634 1553 797 1610 exercitus
817 1553 1090 1628 praesecturasque
1100 1554 1244 1613 mandari
1258 1553 1357 1614 dicti-

471 1665 700 1728 tarites.doirec
717 1667 930 1725 coercendam
946 1667 1151 1742 tyrannidem
1167 1684 1279 1728 eorum
1296 1672 1354 1746 qui

471 1780 624 1856 principis
652 1782 806 1840 tacititate
833 1781 1020 1851 abutantur,
1048 1785 1160 1858 aperte
1187 1783 1352 1857 clament,

469 1895 570 1954 voluit
586 1899 617 1954 et
630 1895 798 1955 Borciaius
815 1896 949 1971 hujusce
963 1896 1040 1955 mali
1055 1898 1198 1957 remedia
1211 1899 1354 1976 principi

467 2027 650 2086 proponere
671 2017 703 2070 et
721 2012 808 2069 uiam
832 2012 1006 2071 ostendere
1029 2027 1093 2088 qua
1116 2012 1224 2072 nimiae
1238 2016 1354 2090 poten-

469 2127 521 2185 tiae
535 2125 672 2202 inquieti
693 2125 754 2184 uiri
769 2139 787 2182 a
807 2141 864 2200 spe
884 2140 942 2184 sua
956 2125 1084 2185 detrudi
1099 2130 1242 2201 possent.
1258 2128 1353 2189 Prin-

466 2258 542 2318 oeps
557 2244 684 2318 oportet
696 2243 795 2316 igitur
807 2242 997 2316 patientiam
1012 2243 1229 2317 praeseferat,
1246 2247 1278 2305 et
1293 2247 1353 2306 ubi

466 2360 622 2434 patientia
639 2377 703 2420 non
715 2357 911 2435 'profecerit
928 2358 1078 2434 expediat
1098 2375 1205 2432 arma3
1224 2361 1350 2424 bellum

464 2474 549 2533 idem
579 2475 741 2535 interdum
764 2473 947 2549 abrumpat,
973 2489 1149 2550 pacemque
1178 2475 1276 2536 iaciat
1291 2479 1350 2538 vel

463 2590 622 2659 inducias,
640 2593 675 2651 ut
690 2591 816 2649 factiosi
841 2567 1070 2664 disjungantur
1083 2606 1169 2664 aegre
1188 2592 1222 2650 in
1244 2609 1352 2654 unum

462 2703 610 2763 redituri.
635 2703 683 2763 lta
705 2704 760 2764 fiet
780 2707 816 2765 ut
836 2705 929 2764 novis
949 2704 1074 2763 artibus
1100 2705 1240 2780 spatium
1259 2707 1345 2768 sutu-

462 2833 533 2877 rum
550 2817 592 2877 sit
611 2835 674 2896 quo
690 2820 740 2878 vet
762 2820 848 2879 inter
868 2836 902 2879 se
930 2819 1140 2886 commissos,
1164 2821 1214 2880 vel
1234 2838 1351 2884 conse·

460 2937 615 2995 nescente
635 2935 787 3006 factione,
803 2935 889 3010 apud
908 2934 1062 3010 populum
1079 2951 1197 2995 exosos
1211 2953 1269 2996 sna
1285 2938 1349 2997 im-

459 3053 563 3128 pietas
576 3051 702 3128 perdat,
719 3055 777 3111 ant
799 3053 887 3111 certe
902 3051 1031 3112 turbine
1055 3027 1164 3111 rerum
1184 3069 1348 3115 nouarum

456 3169 573 3228 denssi
600 3168 660 3244 ipsi
681 3183 716 3227 se
738 3166 779 3225 ad
804 3167 1026 3227 reverentiam
1046 3168 1225 3235 majestatis
1251 3168 1347 3228 reoi-

458 3285 558 3359 piant.
575 3283 975 3345 Interdumneoessariunr
986 3282 1155 3342 consilium
1173 3285 1245 3357 erit,
1257 3287 1343 3362 quod

456 3397 623 3458 Otoodemi
638 3399 671 3457 et
690 3395 873 3456 Eristlienis
888 3395 1046 3470 supplicio
1063 3397 1266 3472 proponitur,
1293 3415 1346 3459 se-

455 3511 613 3571 ditionum
632 3527 759 3570 summa
778 3509 887 3584 capita
902 3511 1083 3583 majestatis
1103 3512 1268 3582 daruuare,
1289 3513 1367 3572 in·-

456 3640 518 3700 que
541 3626 579 3683 iis
594 3627 743 3700 exempta
759 3627 880 3685 iacere.
917 3624 996 3686 Haeo
1024 3629 1153 3705 aliaque
1180 3629 1341 3705 ejusmodi

457 3738 593 3814 pertrita
610 3739 689 3797 satis
705 3741 736 3797 et
764 3739 868 3813 magis
889 3739 984 3800 ouda
1007 3741 1125 3803 dicenti
1141 3758 1237 3818 quam
1253 3743 1339 3805 sactu
