<?xml version="1.0" encoding="UTF-8"?>
<!DOCTYPE html PUBLIC "-//W3C//DTD XHTML 1.0 Transitional//EN"
    "http://www.w3.org/TR/xhtml1/DTD/xhtml1-transitional.dtd">
<html xmlns="http://www.w3.org/1999/xhtml" xml:lang="en" lang="en">
 <head>
  <title>
</title>
<meta http-equiv="Content-Type" content="text/html;charset=utf-8" />
  <meta name='ocr-system' content='tesseract 3.04.00' />
  <meta name='ocr-capabilities' content='ocr_page ocr_carea ocr_par ocr_line ocrx_word'/>
</head>
<body>
  <div class='ocr_page' id='page_1' title='image "./dejoannisbarcla01boucgoog_0106.png"; bbox 0 0 2974 5222; ppageno 0'>
   <div class='ocr_carea' id='block_1_1' title="bbox 194 665 1025 720">
    <p class='ocr_par' dir='ltr' id='par_1_1' title="bbox 194 665 1025 720">
     <span class='ocr_line' id='line_1_1' title="bbox 194 665 1025 720; baseline 0 -4"><span class='ocrx_word' id='word_1_1' title='bbox 194 676 229 717; x_wconf 80' lang='lat' dir='ltr'><strong>nn</strong></span> <span class='ocrx_word' id='word_1_2' title='bbox 245 675 385 716; x_wconf 70' lang='lat' dir='ltr'><strong>nunnus.</strong></span> <span class='ocrx_word' id='word_1_3' title='bbox 400 675 441 716; x_wconf 88' lang='lat' dir='ltr'><strong>nn</strong></span> <span class='ocrx_word' id='word_1_4' title='bbox 454 673 618 720; x_wconf 76' lang='lat' dir='ltr'><strong>rnnsoms,</strong></span> <span class='ocrx_word' id='word_1_5' title='bbox 632 675 674 716; x_wconf 82' lang='lat' dir='ltr'><strong>nn</strong></span> <span class='ocrx_word' id='word_1_6' title='bbox 687 671 783 714; x_wconf 79' lang='lat' dir='ltr'><strong>srrno</strong></span> <span class='ocrx_word' id='word_1_7' title='bbox 796 672 971 715; x_wconf 74' lang='lat' dir='ltr'><strong>snonmnrs</strong></span> <span class='ocrx_word' id='word_1_8' title='bbox 990 665 1025 717; x_wconf 76' lang='lat' dir='ltr'><strong>et</strong></span> 
     </span>
    </p>
   </div>
   <div class='ocr_carea' id='block_1_2' title="bbox 125 801 1029 1441">
    <p class='ocr_par' dir='ltr' id='par_1_2' title="bbox 125 801 1029 1441">
     <span class='ocr_line' id='line_1_2' title="bbox 126 801 1026 877; baseline 0.002 -15"><span class='ocrx_word' id='word_1_9' title='bbox 126 805 237 864; x_wconf 86' lang='lat' dir='ltr'><strong>trium</strong></span> <span class='ocrx_word' id='word_1_10' title='bbox 253 803 411 864; x_wconf 86' lang='lat' dir='ltr'><strong>habuisse</strong></span> <span class='ocrx_word' id='word_1_11' title='bbox 434 807 465 863; x_wconf 85' lang='lat' dir='ltr'><strong>et</strong></span> <span class='ocrx_word' id='word_1_12' title='bbox 481 804 588 863; x_wconf 93' lang='lat' dir='ltr'><strong>omnis</strong></span> <span class='ocrx_word' id='word_1_13' title='bbox 609 803 693 862; x_wconf 85' lang='lat' dir='ltr'><strong>alins</strong></span> <span class='ocrx_word' id='word_1_14' title='bbox 713 801 832 876; x_wconf 77' lang='lat' dir='ltr'><strong>linguae</strong></span> <span class='ocrx_word' id='word_1_15' title='bbox 858 803 1026 877; x_wconf 79' lang='lat' dir='ltr'><strong>eripertrm</strong></span> 
     </span>
     <span class='ocr_line' id='line_1_3' title="bbox 125 916 1026 994; baseline 0.001 -17"><span class='ocrx_word' id='word_1_16' title='bbox 125 919 236 980; x_wconf 83' lang='lat' dir='ltr'><strong>fuisse</strong></span> <span class='ocrx_word' id='word_1_17' title='bbox 261 921 450 994; x_wconf 73' lang='lat' dir='ltr'><strong>Arpenidts</strong></span> <span class='ocrx_word' id='word_1_18' title='bbox 474 918 668 993; x_wconf 81' lang='lat' dir='ltr'><strong>scriptorem</strong></span> <span class='ocrx_word' id='word_1_19' title='bbox 693 916 921 976; x_wconf 79' lang='lat' dir='ltr'>contenderes.</span> <span class='ocrx_word' id='word_1_20' title='bbox 948 916 1026 989; x_wconf 82' lang='lat' dir='ltr'><strong>Quae</strong></span> 
     </span>
     <span class='ocr_line' id='line_1_4' title="bbox 126 1033 1025 1110; baseline -0.001 -15"><span class='ocrx_word' id='word_1_21' title='bbox 126 1035 266 1110; x_wconf 87' lang='lat' dir='ltr'><strong>quidem</strong></span> <span class='ocrx_word' id='word_1_22' title='bbox 288 1034 373 1104; x_wconf 76' lang='lat' dir='ltr'><strong>leue,</strong></span> <span class='ocrx_word' id='word_1_23' title='bbox 400 1036 484 1095; x_wconf 86' lang='lat' dir='ltr'><strong>sicut</strong></span> <span class='ocrx_word' id='word_1_24' title='bbox 507 1033 664 1103; x_wconf 82' lang='lat' dir='ltr'><strong>maxima,</strong></span> <span class='ocrx_word' id='word_1_25' title='bbox 681 1033 727 1092; x_wconf 83' lang='lat' dir='ltr'><strong>ita</strong></span> <span class='ocrx_word' id='word_1_26' title='bbox 753 1047 818 1091; x_wconf 91' lang='lat' dir='ltr'><strong>non</strong></span> <span class='ocrx_word' id='word_1_27' title='bbox 839 1033 950 1093; x_wconf 84' lang='lat' dir='ltr'><strong>multis</strong></span> <span class='ocrx_word' id='word_1_28' title='bbox 982 1049 1025 1094; x_wconf 82' lang='lat' dir='ltr'><strong>ex</strong></span> 
     </span>
     <span class='ocr_line' id='line_1_5' title="bbox 128 1149 1025 1231; baseline 0.002 -23"><span class='ocrx_word' id='word_1_29' title='bbox 128 1152 177 1210; x_wconf 87' lang='lat' dir='ltr'><strong>iis</strong></span> <span class='ocrx_word' id='word_1_30' title='bbox 190 1151 244 1228; x_wconf 91' lang='lat' dir='ltr'><strong>qui</strong></span> <span class='ocrx_word' id='word_1_31' title='bbox 260 1151 375 1212; x_wconf 89' lang='lat' dir='ltr'><strong>eodem</strong></span> <span class='ocrx_word' id='word_1_32' title='bbox 388 1152 534 1227; x_wconf 89' lang='lat' dir='ltr'><strong>tempore</strong></span> <span class='ocrx_word' id='word_1_33' title='bbox 549 1151 650 1212; x_wconf 85' lang='lat' dir='ltr'><strong>latine</strong></span> <span class='ocrx_word' id='word_1_34' title='bbox 665 1149 869 1225; x_wconf 88' lang='lat' dir='ltr'><strong>scripserunt</strong></span> <span class='ocrx_word' id='word_1_35' title='bbox 886 1149 1025 1231; x_wconf 70' lang='lat' dir='ltr'><strong>tribuen-</strong></span> 
     </span>
     <span class='ocr_line' id='line_1_6' title="bbox 127 1249 1029 1344; baseline 0 -20"><span class='ocrx_word' id='word_1_36' title='bbox 127 1265 178 1344; x_wconf 76' lang='lat' dir='ltr'><strong>dn</strong></span> <span class='ocrx_word' id='word_1_37' title='bbox 193 1268 258 1326; x_wconf 78' lang='lat' dir='ltr'><strong>e&#39;st.</strong></span> <span class='ocrx_word' id='word_1_38' title='bbox 276 1266 383 1326; x_wconf 86' lang='lat' dir='ltr'><strong>Testis</strong></span> <span class='ocrx_word' id='word_1_39' title='bbox 408 1268 440 1326; x_wconf 89' lang='lat' dir='ltr'><strong>et</strong></span> <span class='ocrx_word' id='word_1_40' title='bbox 465 1266 543 1326; x_wconf 87' lang='lat' dir='ltr'><strong>mihi</strong></span> <span class='ocrx_word' id='word_1_41' title='bbox 570 1264 675 1325; x_wconf 85' lang='lat' dir='ltr'><strong>Grotii</strong></span> <span class='ocrx_word' id='word_1_42' title='bbox 698 1265 737 1325; x_wconf 90' lang='lat' dir='ltr'><strong>de</strong></span> <span class='ocrx_word' id='word_1_43' title='bbox 767 1263 919 1325; x_wconf 82' lang='lat' dir='ltr'><strong>Barclaio</strong></span> <span class='ocrx_word' id='word_1_44' title='bbox 933 1249 1029 1325; x_wconf 56' lang='lat' dir='ltr'><strong>distiss</strong></span> 
     </span>
     <span class='ocr_line' id='line_1_7' title="bbox 128 1381 257 1441; baseline -0.008 0"><span class='ocrx_word' id='word_1_45' title='bbox 128 1381 225 1441; x_wconf 88' lang='lat' dir='ltr'><strong>chon</strong></span> <span class='ocrx_word' id='word_1_46' title='bbox 248 1396 257 1440; x_wconf 78' lang='lat' dir='ltr'><strong>t</strong></span> 
     </span>
    </p>
   </div>
   <div class='ocr_carea' id='block_1_3' title="bbox 265 1621 900 1680">
    <p class='ocr_par' dir='ltr' id='par_1_3' title="bbox 265 1621 900 1680">
     <span class='ocr_line' id='line_1_8' title="bbox 265 1621 900 1680; baseline -0.002 -7"><span class='ocrx_word' id='word_1_47' title='bbox 265 1622 347 1673; x_wconf 83' lang='lat' dir='ltr'><strong>Gente</strong></span> <span class='ocrx_word' id='word_1_48' title='bbox 362 1621 522 1674; x_wconf 78' lang='lat' dir='ltr'><strong>Caledonius.</strong></span> <span class='ocrx_word' id='word_1_49' title='bbox 541 1622 630 1672; x_wconf 85' lang='lat' dir='ltr'>Gallus</span> <span class='ocrx_word' id='word_1_50' title='bbox 652 1622 784 1680; x_wconf 76' lang='lat' dir='ltr'><strong>natalibus,</strong></span> <span class='ocrx_word' id='word_1_51' title='bbox 809 1623 847 1672; x_wconf 86' lang='lat' dir='ltr'><strong>hic</strong></span> <span class='ocrx_word' id='word_1_52' title='bbox 861 1632 900 1672; x_wconf 84' lang='lat' dir='ltr'><strong>est</strong></span> 
     </span>
    </p>
   </div>
   <div class='ocr_carea' id='block_1_4' title="bbox 263 1720 758 1786">
    <p class='ocr_par' dir='ltr' id='par_1_4' title="bbox 263 1720 758 1786">
     <span class='ocr_line' id='line_1_9' title="bbox 263 1720 758 1786; baseline -0.008 -15"><span class='ocrx_word' id='word_1_53' title='bbox 263 1721 367 1772; x_wconf 79' lang='lat' dir='ltr'><strong>Romam</strong></span> <span class='ocrx_word' id='word_1_54' title='bbox 379 1737 477 1770; x_wconf 80' lang='lat' dir='ltr'><strong>romono</strong></span> <span class='ocrx_word' id='word_1_55' title='bbox 490 1722 533 1786; x_wconf 87' lang='lat' dir='ltr'><strong>qui</strong></span> <span class='ocrx_word' id='word_1_56' title='bbox 546 1720 616 1770; x_wconf 83' lang='lat' dir='ltr'><strong>docet</strong></span> <span class='ocrx_word' id='word_1_57' title='bbox 630 1735 670 1768; x_wconf 87' lang='lat' dir='ltr'><strong>oro</strong></span> <span class='ocrx_word' id='word_1_58' title='bbox 682 1721 758 1786; x_wconf 86' lang='lat' dir='ltr'><strong>ioqui.</strong></span> 
     </span>
    </p>
   </div>
   <div class='ocr_carea' id='block_1_5' title="bbox 95 1925 1107 3769">
    <p class='ocr_par' dir='ltr' id='par_1_5' title="bbox 95 1925 1107 2835">
     <span class='ocr_line' id='line_1_10' title="bbox 177 1925 1021 2047; baseline -0.006 -30"><span class='ocrx_word' id='word_1_59' title='bbox 177 1957 226 2018; x_wconf 90' lang='lat' dir='ltr'><strong>De</strong></span> <span class='ocrx_word' id='word_1_60' title='bbox 245 1956 395 2042; x_wconf 80' lang='lat' dir='ltr'><strong>versibus</strong></span> <span class='ocrx_word' id='word_1_61' title='bbox 423 1957 543 2047; x_wconf 87' lang='lat' dir='ltr'><strong>autem,</strong></span> <span class='ocrx_word' id='word_1_62' title='bbox 570 1968 650 2029; x_wconf 88' lang='lat' dir='ltr'><strong>quos</strong></span> <span class='ocrx_word' id='word_1_63' title='bbox 673 1925 915 2013; x_wconf 80' lang='lat' dir='ltr'><strong>numerosiores</strong></span> <span class='ocrx_word' id='word_1_64' title='bbox 941 1969 1021 2013; x_wconf 84' lang='lat' dir='ltr'><strong>ora-</strong></span> 
     </span>
     <span class='ocr_line' id='line_1_11' title="bbox 132 2042 1019 2139; baseline -0.008 -4"><span class='ocrx_word' id='word_1_65' title='bbox 132 2074 217 2135; x_wconf 91' lang='lat' dir='ltr'><strong>tioni</strong></span> <span class='ocrx_word' id='word_1_66' title='bbox 247 2072 420 2134; x_wconf 82' lang='lat' dir='ltr'><strong>admiscuit</strong></span> <span class='ocrx_word' id='word_1_67' title='bbox 449 2071 513 2139; x_wconf 87' lang='lat' dir='ltr'><strong>iiie,</strong></span> <span class='ocrx_word' id='word_1_68' title='bbox 542 2070 638 2130; x_wconf 91' lang='lat' dir='ltr'><strong>silere</strong></span> <span class='ocrx_word' id='word_1_69' title='bbox 658 2069 761 2129; x_wconf 86' lang='lat' dir='ltr'><strong>satius</strong></span> <span class='ocrx_word' id='word_1_70' title='bbox 793 2071 851 2129; x_wconf 88' lang='lat' dir='ltr'><strong>est.</strong></span> <span class='ocrx_word' id='word_1_71' title='bbox 880 2042 1019 2136; x_wconf 78' lang='lat' dir='ltr'><strong>Etenim.</strong></span> 
     </span>
     <span class='ocr_line' id='line_1_12' title="bbox 140 2185 1051 2264; baseline -0.004 -16"><span class='ocrx_word' id='word_1_72' title='bbox 140 2191 263 2264; x_wconf 88' lang='lat' dir='ltr'><strong>praeter</strong></span> <span class='ocrx_word' id='word_1_73' title='bbox 286 2188 318 2248; x_wconf 90' lang='lat' dir='ltr'><strong>id</strong></span> <span class='ocrx_word' id='word_1_74' title='bbox 333 2187 417 2263; x_wconf 89' lang='lat' dir='ltr'><strong>quod</strong></span> <span class='ocrx_word' id='word_1_75' title='bbox 440 2201 549 2245; x_wconf 90' lang='lat' dir='ltr'><strong>rerum</strong></span> <span class='ocrx_word' id='word_1_76' title='bbox 573 2185 720 2244; x_wconf 80' lang='lat' dir='ltr'><strong>ordinem</strong></span> <span class='ocrx_word' id='word_1_77' title='bbox 745 2185 935 2260; x_wconf 90' lang='lat' dir='ltr'><strong>plerumque</strong></span> <span class='ocrx_word' id='word_1_78' title='bbox 955 2201 1023 2245; x_wconf 90' lang='lat' dir='ltr'><strong>mo-</strong></span> <span class='ocrx_word' id='word_1_79' title='bbox 1048 2237 1051 2244; x_wconf 92' lang='lat'>.</span> 
     </span>
     <span class='ocr_line' id='line_1_13' title="bbox 139 2281 1107 2377; baseline 0 -15"><span class='ocrx_word' id='word_1_80' title='bbox 139 2306 271 2374; x_wconf 86' lang='lat' dir='ltr'><strong>rantur,</strong></span> <span class='ocrx_word' id='word_1_81' title='bbox 286 2306 318 2366; x_wconf 92' lang='lat' dir='ltr'><strong>et</strong></span> <span class='ocrx_word' id='word_1_82' title='bbox 333 2305 424 2364; x_wconf 84' lang='lat' dir='ltr'><strong>tanta</strong></span> <span class='ocrx_word' id='word_1_83' title='bbox 437 2301 611 2363; x_wconf 87' lang='lat' dir='ltr'><strong>verborum</strong></span> <span class='ocrx_word' id='word_1_84' title='bbox 624 2303 855 2377; x_wconf 84' lang='lat' dir='ltr'><strong>nominumque</strong></span> <span class='ocrx_word' id='word_1_85' title='bbox 870 2303 1023 2375; x_wconf 83' lang='lat' dir='ltr'><strong>congerie</strong></span> <span class='ocrx_word' id='word_1_86' title='bbox 1106 2281 1107 2286; x_wconf 8' lang='grc' dir='ltr'>ἵ</span> 
     </span>
     <span class='ocr_line' id='line_1_14' title="bbox 139 2417 1022 2495; baseline -0.002 -16"><span class='ocrx_word' id='word_1_87' title='bbox 139 2419 290 2479; x_wconf 82' lang='lat' dir='ltr'><strong>laborant</strong></span> <span class='ocrx_word' id='word_1_88' title='bbox 318 2420 354 2477; x_wconf 93' lang='lat' dir='ltr'><strong>nt</strong></span> <span class='ocrx_word' id='word_1_89' title='bbox 384 2419 475 2495; x_wconf 81' lang='lat' dir='ltr'><strong>quasi</strong></span> <span class='ocrx_word' id='word_1_90' title='bbox 503 2419 543 2478; x_wconf 86' lang='lat' dir='ltr'><strong>de</strong></span> <span class='ocrx_word' id='word_1_91' title='bbox 567 2417 748 2486; x_wconf 85' lang='lat' dir='ltr'><strong>industria,</strong></span> <span class='ocrx_word' id='word_1_92' title='bbox 776 2417 809 2475; x_wconf 95' lang='lat' dir='ltr'><strong>in</strong></span> <span class='ocrx_word' id='word_1_93' title='bbox 837 2433 892 2476; x_wconf 90' lang='lat' dir='ltr'><strong>eos</strong></span> <span class='ocrx_word' id='word_1_94' title='bbox 912 2433 1022 2477; x_wconf 88' lang='lat' dir='ltr'><strong>omnes</strong></span> 
     </span>
     <span class='ocr_line' id='line_1_15' title="bbox 137 2532 1023 2610; baseline -0.003 -17"><span class='ocrx_word' id='word_1_95' title='bbox 137 2533 274 2609; x_wconf 83' lang='lat' dir='ltr'><strong>Olympii</strong></span> <span class='ocrx_word' id='word_1_96' title='bbox 290 2533 378 2604; x_wconf 76' lang='lat' dir='ltr'><strong>deos</strong></span> <span class='ocrx_word' id='word_1_97' title='bbox 389 2535 583 2610; x_wconf 84' lang='lat' dir='ltr'><strong>deasque,et</strong></span> <span class='ocrx_word' id='word_1_98' title='bbox 591 2532 767 2593; x_wconf 87' lang='lat' dir='ltr'><strong>semideum</strong></span> <span class='ocrx_word' id='word_1_99' title='bbox 780 2547 878 2607; x_wconf 88' lang='lat' dir='ltr'><strong>pecus</strong></span> <span class='ocrx_word' id='word_1_100' title='bbox 890 2532 1023 2608; x_wconf 89' lang='lat' dir='ltr'><strong>insuper</strong></span> 
     </span>
     <span class='ocr_line' id='line_1_16' title="bbox 137 2645 1021 2725; baseline 0.006 -21"><span class='ocrx_word' id='word_1_101' title='bbox 137 2645 353 2705; x_wconf 86' lang='lat' dir='ltr'><strong>intromisisse</strong></span> <span class='ocrx_word' id='word_1_102' title='bbox 363 2646 517 2707; x_wconf 85' lang='lat' dir='ltr'><strong>videatur</strong></span> <span class='ocrx_word' id='word_1_103' title='bbox 536 2653 642 2724; x_wconf 83' lang='lat' dir='ltr'><strong>poeta,</strong></span> <span class='ocrx_word' id='word_1_104' title='bbox 668 2665 733 2708; x_wconf 94' lang='lat' dir='ltr'><strong>non</strong></span> <span class='ocrx_word' id='word_1_105' title='bbox 744 2648 919 2725; x_wconf 81' lang='lat' dir='ltr'><strong>quidquam</strong></span> <span class='ocrx_word' id='word_1_106' title='bbox 934 2665 1021 2724; x_wconf 79' lang='lat' dir='ltr'><strong>prce-</strong></span> 
     </span>
     <span class='ocr_line' id='line_1_17' title="bbox 95 2759 493 2835; baseline -0.003 -17"><span class='ocrx_word' id='word_1_107' title='bbox 95 2795 102 2805; x_wconf 90' lang='lat'>·</span> <span class='ocrx_word' id='word_1_108' title='bbox 135 2759 295 2835; x_wconf 85' lang='lat' dir='ltr'><strong>bentquo</strong></span> <span class='ocrx_word' id='word_1_109' title='bbox 315 2761 493 2820; x_wconf 84' lang='lat' dir='ltr'><strong>emineant.</strong></span> 
     </span>
    </p>

    <p class='ocr_par' dir='ltr' id='par_1_6' title="bbox 137 2871 1023 3769">
     <span class='ocr_line' id='line_1_18' title="bbox 179 2871 1020 2964; baseline 0.006 -32"><span class='ocrx_word' id='word_1_110' title='bbox 179 2871 250 2933; x_wconf 93' lang='lat' dir='ltr'><strong>Non</strong></span> <span class='ocrx_word' id='word_1_111' title='bbox 277 2875 450 2964; x_wconf 83' lang='lat' dir='ltr'><strong>defuerunt</strong></span> <span class='ocrx_word' id='word_1_112' title='bbox 465 2875 614 2935; x_wconf 84' lang='lat' dir='ltr'><strong>Barciaio</strong></span> <span class='ocrx_word' id='word_1_113' title='bbox 642 2877 836 2946; x_wconf 83' lang='lat' dir='ltr'><strong>imitatores,</strong></span> <span class='ocrx_word' id='word_1_114' title='bbox 864 2877 1020 2953; x_wconf 86' lang='lat' dir='ltr'><strong>aquibus</strong></span> 
     </span>
     <span class='ocr_line' id='line_1_19' title="bbox 138 2989 1017 3076; baseline 0.002 -28"><span class='ocrx_word' id='word_1_115' title='bbox 138 2989 1017 3076; x_wconf 26' lang='lat' dir='ltr'><strong>pri&#39;maeArpcntctiaiiaequaedamsemperadderentur.</strong></span> 
     </span>
     <span class='ocr_line' id='line_1_20' title="bbox 137 3100 1016 3184; baseline 0.003 -18"><span class='ocrx_word' id='word_1_116' title='bbox 137 3109 179 3166; x_wconf 85' lang='lat' dir='ltr'><strong>At</strong></span> <span class='ocrx_word' id='word_1_117' title='bbox 200 3107 309 3167; x_wconf 82' lang='lat' dir='ltr'><strong>nuilus</strong></span> <span class='ocrx_word' id='word_1_118' title='bbox 334 3110 403 3181; x_wconf 78' lang='lat' dir='ltr'><strong>eius</strong></span> <span class='ocrx_word' id='word_1_119' title='bbox 431 3108 609 3184; x_wconf 87' lang='lat' dir='ltr'><strong>discipulus</strong></span> <span class='ocrx_word' id='word_1_120' title='bbox 630 3109 765 3179; x_wconf 85' lang='lat' dir='ltr'><strong>exstitit,</strong></span> <span class='ocrx_word' id='word_1_121' title='bbox 784 3100 854 3168; x_wconf 74' lang='lat' dir='ltr'><strong>‘nisi</strong></span> <span class='ocrx_word' id='word_1_122' title='bbox 880 3109 1016 3169; x_wconf 85' lang='lat' dir='ltr'><strong>Fenelo·</strong></span> 
     </span>
     <span class='ocr_line' id='line_1_21' title="bbox 139 3223 1021 3299; baseline 0.001 -18"><span class='ocrx_word' id='word_1_123' title='bbox 139 3238 226 3293; x_wconf 88' lang='lat' dir='ltr'><strong>nem,</strong></span> <span class='ocrx_word' id='word_1_124' title='bbox 243 3223 399 3296; x_wconf 83' lang='lat' dir='ltr'><strong>magistro</strong></span> <span class='ocrx_word' id='word_1_125' title='bbox 413 3239 490 3287; x_wconf 87' lang='lat' dir='ltr'><strong>sane</strong></span> <span class='ocrx_word' id='word_1_126' title='bbox 503 3225 672 3298; x_wconf 83' lang='lat' dir='ltr'><strong>majorem.</strong></span> <span class='ocrx_word' id='word_1_127' title='bbox 696 3224 800 3288; x_wconf 54' lang='lat' dir='ltr'><strong>talem.</strong></span> <span class='ocrx_word' id='word_1_128' title='bbox 814 3223 927 3283; x_wconf 81' lang='lat' dir='ltr'><strong>haberi</strong></span> <span class='ocrx_word' id='word_1_129' title='bbox 947 3224 1021 3299; x_wconf 85' lang='lat' dir='ltr'><strong>pla-</strong></span> 
     </span>
     <span class='ocr_line' id='line_1_22' title="bbox 139 3329 1022 3414; baseline 0 -16"><span class='ocrx_word' id='word_1_130' title='bbox 139 3329 1022 3414; x_wconf 71' lang='lat' dir='ltr'><strong>ceatQuidauteminterTeiemachumetArpentctem</strong></span> 
     </span>
     <span class='ocr_line' id='line_1_23' title="bbox 137 3435 1023 3530; baseline 0.003 -18"><span class='ocrx_word' id='word_1_131' title='bbox 137 3453 276 3524; x_wconf 90' lang='lat' dir='ltr'><strong>intersit,</strong></span> <span class='ocrx_word' id='word_1_132' title='bbox 294 3435 398 3526; x_wconf 75' lang='lat' dir='ltr'><strong>magis</strong></span> <span class='ocrx_word' id='word_1_133' title='bbox 411 3455 618 3529; x_wconf 87' lang='lat' dir='ltr'><strong>perspicuum</strong></span> <span class='ocrx_word' id='word_1_134' title='bbox 632 3452 783 3516; x_wconf 88' lang='lat' dir='ltr'><strong>omnibus</strong></span> <span class='ocrx_word' id='word_1_135' title='bbox 805 3456 855 3514; x_wconf 89' lang='lat' dir='ltr'><strong>est</strong></span> <span class='ocrx_word' id='word_1_136' title='bbox 870 3471 966 3530; x_wconf 84' lang='lat' dir='ltr'><strong>quam</strong></span> <span class='ocrx_word' id='word_1_137' title='bbox 988 3458 1023 3516; x_wconf 89' lang='lat' dir='ltr'><strong>ut</strong></span> 
     </span>
     <span class='ocr_line' id='line_1_24' title="bbox 138 3566 1023 3647; baseline 0.005 -21"><span class='ocrx_word' id='word_1_138' title='bbox 138 3566 343 3642; x_wconf 83' lang='lat' dir='ltr'><strong>explanetur,</strong></span> <span class='ocrx_word' id='word_1_139' title='bbox 367 3567 518 3633; x_wconf 89' lang='lat' dir='ltr'><strong>Idunum</strong></span> <span class='ocrx_word' id='word_1_140' title='bbox 540 3583 711 3629; x_wconf 89' lang='lat' dir='ltr'><strong>commune</strong></span> <span class='ocrx_word' id='word_1_141' title='bbox 733 3567 830 3629; x_wconf 85' lang='lat' dir='ltr'><strong>habet</strong></span> <span class='ocrx_word' id='word_1_142' title='bbox 849 3571 1023 3647; x_wconf 83' lang='lat' dir='ltr'><strong>utrumque</strong></span> 
     </span>
     <span class='ocr_line' id='line_1_25' title="bbox 138 3673 1020 3769; baseline -0.005 -21"><span class='ocrx_word' id='word_1_143' title='bbox 138 3673 1020 3769; x_wconf 77' lang='lat' dir='ltr'><strong>opusquodremponncanpersequatur,Quumenrm</strong></span> 
     </span>
    </p>
   </div>
   <div class='ocr_carea' id='block_1_6' title="bbox 0 0 1492 5221">
    <p class='ocr_par' dir='ltr' id='par_1_7' title="bbox 0 0 1492 5221">
     <span class='ocr_line' id='line_1_26' title="bbox 0 0 1492 5221; baseline 0 0"><span class='ocrx_word' id='word_1_144' title='bbox 0 0 1492 5221; x_wconf 95' lang='lat' dir='ltr'><strong> </strong></span> 
     </span>
    </p>
   </div>
  </div>
 </body>
</html>
