2940 5230
310 705 351 748 oa
376 705 417 746 nn
441 697 587 744 nouimus
612 696 646 738 in
667 687 834 736 incantos
979 672 1013 725 55

126 839 233 901 clatus
248 853 345 914 quam
359 848 456 910 quum
468 825 749 888 Anaximandrum
764 820 1013 898 Nicqpompum-

124 971 194 1033 que
206 955 245 1014 de
259 949 479 1012 aristocratia.
492 945 531 1005 de
546 941 754 1010 democratia,
768 939 871 1014 deque
884 947 1011 993 monar-

125 1073 206 1134 chia
239 1071 324 1128 inter
356 1069 481 1126 coenam
511 1061 641 1136 copiose
676 1057 875 1116 disserentes
908 1051 1013 1109 intro·

123 1189 233 1250 duxit.
257 1185 317 1244 Hic
338 1182 517 1243 acerrimus
538 1175 657 1251 regalis
673 1171 826 1250 potentiae
846 1167 1007 1232 del'ensor,

126 1303 376 1382 principumque
393 1293 581 1374 ¹familiaris
616 1285 879 1366 deprehenditur.
916 1281 1010 1350 Nam,

125 1436 229 1498 quum
247 1433 266 1479 a
289 1413 436 1483 conuiuis
458 1410 593 1484 vulgare
615 1406 767 1482 coepisset
786 1401 904 1476 agitari
919 1413 1014 1473 argu·

128 1537 276 1596 mentum
295 1527 418 1606 eoquod
441 1528 528 1586 inter
551 1523 699 1582 homines
725 1520 812 1584 esset
835 1513 1014 1594 aequissimi

126 1648 258 1728 imperii
269 1661 384 1721 genae,
401 1659 461 1702 nee
474 1640 687 1701 dubitavisset
702 1634 947 1696 Anaximander
959 1646 1015 1690 re·

125 1768 193 1841 giae
204 1760 389 1824 auctoritati
401 1775 458 1818 seu
472 1751 673 1832 popularem,
685 1749 948 1814 seusenatoriam
959 1763 1011 1824 po-

125 1880 283 1942 testatem
310 1879 520 1949 anteponere,
542 1868 806 1946 pervulgatisque
828 1863 1013 1925 rationibus

127 2011 203 2056 rem
227 1993 400 2061 docuisset,
418 1989 636 2064 Nicopompus
651 1985 788 2045 alteram
801 1983 946 2057 partem,
961 1994 1012 2038 re-

130 2127 275 2189 gumque
291 2124 424 2170 oausam
439 2109 540 2166 tuitus
556 2108 616 2165 est.
634 2101 858 2166 Contendebat
878 2098 936 2158 sub
959 2113 1015 2172 po·

128 2229 209 2306 pulo
239 2227 402 2291 fucatam,
440 2223 499 2284 sub
532 2221 663 2295 regibus
706 2219 908 2280 verissimam
943 2230 1014 2276 esse

126 2345 339 2414 libertatem,
371 2356 474 2416 neque
507 2338 614 2397 minus
642 2336 700 2396 sub
727 2334 892 2410 republica
918 2350 1014 2410 quam

128 2466 192 2526 sub
207 2479 308 2538 regno
324 2463 411 2536 leges
432 2460 705 2534 magistratusque
729 2472 800 2518 esse
823 2456 938 2532 quibus
954 2455 1014 2514 ob-

127 2580 314 2657 temperent
326 2577 482 2647 liomines;
498 2591 563 2635 non
574 2575 731 2636 interesse
746 2574 854 2650 plures
866 2587 909 2631 an
921 2571 1014 2647 pauci

130 2698 309 2773 imperent,
335 2693 448 2754 sedin
471 2696 543 2751 utro
571 2692 729 2765 regimine
758 2691 903 2750 sanctius
928 2690 1015 2749 cives

132 2812 256 2886 agant;
286 2812 446 2880 ceterum,
470 2805 685 2881 multiplicato
710 2821 845 2866 numero
871 2805 1016 2865 domino-

131 2944 221 2994 rum,
233 2927 346 3000 augeri
360 2925 524 2985 serviendi
536 2925 706 2997 vilitatem;
725 2927 1017 3000 argumentumque

132 3044 187 3104 his
202 3042 310 3103 verbis
330 3041 555 3111 concludebat,
578 3040 693 3116 quibus
709 3041 789 3100 nihil
813 3040 1017 3114 desperatius

134 3159 316 3234 excogitari
333 3173 426 3234 posse
439 3157 607 3216 latendum
623 3158 672 3216 est
688 3173 694 3215 :

177 3274 295 3336 «Pone
317 3289 394 3334 vero
421 3276 487 3334 tam
511 3289 647 3347 regnum
664 3289 761 3348 quam
781 3245 1015 3348 rempublicam

134 3390 324 3464 Principum
339 3388 427 3448 vitiis
441 3391 596 3464 tanquam
613 3386 924 3448 allectavaletudine
935 3386 1021 3448 labo-

134 3521 223 3576 rare;
238 3504 337 3565 utribi
348 3504 494 3565 faciliora
511 3511 681 3579 exspectes
700 3503 738 3564 ad
755 3502 914 3580 publicam
938 3508 1022 3566 sani·

138 3625 238 3685 tatem
252 3623 415 3683 remedia?
430 3621 589 3682 Nimirum
605 3627 636 3685 et
650 3624 768 3699 Regem
781 3628 813 3686 et
826 3626 930 3701 ipsius
944 3628 1023 3688 vitia

139 3757 229 3800 mors
247 3741 360 3800 saltem
378 3740 533 3800 demedio
549 3740 658 3812 tollet;
679 3745 894 3820 poteruntque
911 3760 930 3806 a
947 3762 1024 3804 sno-
