2974 5222
350 664 392 714 nit
418 664 459 711 BR
484 659 624 704 uomica
650 661 684 702 IN
708 661 874 704 inuentor:
1022 653 1055 703 69

167 798 317 857 serviant
335 793 480 870 imperiis
505 794 596 852 meis.
629 790 695 851 Sub
723 790 957 852 munitionibus
984 793 1056 851 istis

164 912 289 972 tremat
303 910 426 969 circum
450 908 629 983 provincia.
654 907 752 969 isthic
777 909 892 986 recipi,
913 909 989 968 binc
1011 909 1057 969 ei·

163 1029 261 1088 sundi
287 1027 413 1102 possint
437 1024 566 1084 armati.
600 1023 745 1099 Regnum
781 1026 920 1103 deniqne
949 1028 1057 1086 minus

163 1145 200 1204 in
215 1141 366 1217 ampliori
387 1143 442 1200 tuo
456 1138 536 1198 mibi
555 1142 716 1202 constitue
730 1148 751 1201 ¹.
769 1163 799 1218 »¹

205 1255 310 1317 Unam
336 1271 464 1332 quoque
495 1255 534 1315 de
572 1256 833 1334 Hypercpbaniis
859 1261 1052 1320 sententiam

161 1373 315 1434 Barclaio
345 1372 556 1447 Riclrelioque
593 1372 695 1432 luisse
727 1376 984 1435 commonstrare
1018 1375 1052 1432 in

161 1492 317 1565 promptu
339 1491 399 1548 est.
430 1485 533 1547 Ambo
563 1487 693 1556 etenim,
727 1486 847 1545 rectius
863 1502 960 1562 qnam
981 1486 1052 1562 ple-

159 1594 255 1681 rique
277 1606 349 1680 eJus
372 1605 529 1680 temporis
550 1601 699 1661 homines
714 1599 754 1659 de
770 1616 863 1660 ncvae
883 1599 1052 1675 religionis

159 1721 344 1782 fautoribus
358 1691 520 1795 augurati,
538 1720 569 1778 ill
589 1720 715 1779 tantum
743 1715 924 1775 cavendum
949 1717 1048 1777 duce·

156 1837 249 1898 bant.
267 1853 308 1897 ne
322 1837 354 1896 in
374 1836 556 1912 «ampliori
580 1848 711 1908 regno»
728 1830 887 1890 minorem
915 1847 1047 1906 rempu-

154 1948 287 2018 blicam,
320 1948 416 2024 (quod
445 1949 525 2024 quin
551 1949 645 2008 lieret
671 1963 734 2006 non
759 1946 897 2006 multum
925 1945 1045 2025 abluit)

153 2065 355 2126 constituero
370 2065 577 2136 conarentur,
593 2069 736 2126 ceterum
749 2064 826 2124 dum
841 2081 876 2124 se
892 2065 1044 2124 innoxios

151 2180 367 2254 praestarent,
398 2195 454 2240 cos
491 2181 708 2255 peculiaribus
747 2182 814 2241 suis
848 2182 951 2242 sacris
969 2183 1042 2252 uti,

146 2293 310 2368 quantum
334 2308 387 2352 res
403 2294 536 2362 sineret,
552 2296 739 2378 patiendum
759 2312 832 2357 esse
849 2297 1041 2358 censebant·

146 2407 238 2480 Quid
267 2406 308 2467 ad
337 2423 450 2483 pacem
479 2411 571 2484 regni
600 2412 854 2472 confirmandam
879 2414 1039 2489 ejusmodi

145 2525 290 2586 consilia
304 2526 463 2594 valerent,
494 2543 559 2587 non
587 2544 674 2588 nunc
698 2529 825 2604 agilum
851 2529 1040 2591 aBarclaio

144 2645 240 2702 certe
260 2642 438 2712 vindicata,
469 2646 691 2722 usurpatoque
718 2663 737 2706 a
769 2647 915 2708 Riobelio
940 2646 1039 2708 luisse

142 2758 259 2818 nullus
272 2760 322 2819 est
335 2759 391 2834 qui
412 2774 534 2834 negare
559 2763 674 2835 possit,
692 2765 874 2838 prasertim
891 2764 917 2822 si
941 2761 1040 2824 Mele-

142 2874 289 2934 andrum
303 2874 488 2938 meminerit
503 2875 772 2951 Hyperepbanios
787 2879 972 2935 monentem
997 2895 1037 2937 ne

141 2991 274 3064 majora
301 2990 361 3050 sibi
383 2993 459 3066 jura
485 2991 582 3051 tribui
613 2993 770 3050 censeant
793 3005 889 3066 quam
920 2991 1037 3050 ceteris

141 3114 285 3183 civibus,
309 3119 342 3176 et
373 3115 586 3176 lbburranem
614 3115 648 3174 in
674 3115 763 3175 bunc
790 3115 932 3184 modum,
961 3131 1034 3174 cum

144 3233 383 3295 Archombroto
399 3235 439 3294 de
453 3233 618 3293 Usinulcae
634 3234 801 3309 discipulis
822 3234 1006 3310 loquentem
1021 3233 1032 3292 ¹:

187 3369 203 3400 «
220 3345 253 3406 Si
272 3348 346 3422 quid
361 3365 439 3408 vcro
452 3348 519 3422 ipso
536 3348 674 3408 sentiam
689 3349 822 3424 quaeriS,
838 3364 942 3425 neque
959 3365 1032 3408 cum

183 3687 190 3717 ¹
206 3693 230 3740 J.
250 3693 375 3742 Bnncnan
396 3691 508 3757 Arpenis.
527 3693 580 3742 Lib.
599 3693 645 3754 lli,
663 3713 684 3744 r.
702 3702 727 3744 b.
