2940 5230
66 1307 90 1434 —sg
64 1131 89 1276 —25*s
56 846 90 1070 Wss‘so

67 1459 91 1525 sl

451 1368 666 1444 PROOEMIUM

163 1903 212 1962 Ab
231 1901 336 1982 aetatis
356 1916 422 1960 suae
446 1902 660 1977 scriptoribus
682 1901 776 1961 valde
798 1901 941 1972 laudata,
957 1917 1007 1960 re-

127 2016 325 2077 centioribus
350 2031 430 2076 vero
457 2032 548 2091 paene
572 2016 696 2090 ignota,
725 2015 878 2093 quidquid
900 2017 1008 2076 extre-

125 2147 214 2190 mum
242 2131 273 2188 in
290 2130 339 2190 rei
365 2129 533 2190 litterariae
554 2129 686 2190 fortuna
710 2130 762 2199 sit,
787 2130 926 2190 Barclaii
949 2131 1009 2190 Ar-

126 2245 218 2320 genis
250 2244 386 2305 subiisse
413 2244 552 2304 videtur.
580 2242 680 2319 Cujus
700 2225 766 2303 'vix
791 2244 886 2304 edilae
910 2216 1011 2320 quum

126 2349 208 2410 adeo
224 2349 311 2410 sama
326 2347 571 2424 percrebuisset
588 2351 622 2408 nt
643 2349 736 2409 latini
752 2349 911 2426 sermonis
928 2348 1009 2408 lines

125 2467 343 2538 transgressa,
376 2465 407 2524 in
435 2464 581 2525 diversas
606 2464 744 2540 Europae
767 2465 896 2539 linguas
925 2463 1011 2524 citis·

127 2579 207 2639 sime
223 2595 383 2640 conversa
405 2583 437 2640 et
453 2579 722 2655 splendidissimis
737 2578 907 2641 doctorum
919 2579 1011 2639 viro-

127 2711 199 2756 rum
215 2696 334 2773 ubique
357 2696 508 2757 laudibus
524 2698 701 2768 cumulata,
718 2713 783 2757 nen
799 2696 931 2770 indigna
941 2667 1012 2760 cre-¹

127 2813 261 2872 deretur
284 2828 354 2887 quae
376 2812 482 2872 locum
499 2811 661 2872 obtineret
672 2813 759 2872 inter
783 2811 933 2872 absoluta
956 2812 1012 2871 illa

125 2926 321 2986 venerandae
359 2927 562 3002 antiquitatis
586 2927 763 2997 volumina,
801 2929 1013 3002 veterumque

128 3042 259 3118 scriptis
280 3045 478 3118 aequaretur,
493 3043 538 3102 ita
564 3044 732 3117 paulatim,
751 3042 937 3102 labentibus
958 3057 1012 3100 an-

129 3158 192 3228 nis,
215 3172 257 3216 ex
276 3156 444 3216 hominum
470 3158 626 3216 memoria
648 3158 770 3217 excidit
792 3159 828 3217 ut
852 3172 917 3214 non
936 3171 1015 3231 pau-

130 3270 236 3330 ciores
262 3271 359 3330 bodie
381 3271 529 3331 invenias
553 3272 608 3347 qui
623 3273 818 3346 Argenidem
834 3287 932 3348 quarn
958 3272 1013 3348 qni

130 3385 316 3445 Barclaium
348 3387 480 3446 omnino
505 3387 663 3446 nesciant.
692 3387 807 3447 Utrum
834 3402 912 3466 verq
941 3402 1014 3446 cum

130 3500 282 3561 Barclaic
306 3502 391 3561 male
413 3501 479 3561 sata
497 3502 560 3562 ista
582 3504 720 3576 egerint.
736 3518 777 3562 an
798 3502 904 3578 potius
927 3501 1014 3561 illius

48 3596 52 3604 ’
131 3616 297 3675 memoriae
321 3616 554 3683 consuluerint,
577 3633 675 3692 quum
702 3632 783 3692 opus
813 3618 918 3692 ipsum
950 3617 1017 3676 alta

132 3721 297 3783 oblivione
313 3723 469 3797 supprimi
486 3725 687 3798 paterentur,
705 3724 792 3784 haud
815 3724 910 3784 lacile
929 3739 1017 3783 asse-
