2940 5230
498 700 531 752 llll
709 703 752 745 prr
773 702 798 743 J.
826 699 971 742 pascnan
995 697 1159 740 nnounrnn

495 833 751 900 Graeoobarbaru
767 830 1061 906 deprehendantur.
1074 827 1157 890 Sunt
1170 826 1313 903 quaedam
1326 838 1364 884 er

493 951 630 1013 adverso
644 962 777 1026 prorsus
799 947 942 1014 incerta;
959 943 1112 1020 ouaedam
1132 941 1271 1017 denique
1287 941 1364 998 inter

493 1071 667 1142 utrumque
695 1059 912 1136 mediaque,
934 1060 1055 1120 sicum
1082 1056 1243 1126 similibus
1271 1054 1363 1116 nostri

493 1181 594 1242 seculi
609 1181 705 1242 rebus
720 1175 889 1238 casibusre
901 1178 1143 1250 comparentur,
1160 1188 1220 1233 nec
1241 1172 1366 1232 omnino

490 1297 616 1356 incerta
627 1291 770 1369 judicari
787 1290 929 1364 ualeant,
947 1304 1052 1366 neque
1067 1303 1125 1366 pro
1144 1289 1242 1348 certis
1253 1289 1365 1354 tamen,

492 1403 1365 1482 obmultljugamistamrerum,personarumlocorom

491 1523 877 1610 circumstantiarumque
901 1521 1092 1580 varietatem
1114 1519 1290 1580 venditari.
1307 1520 1345 1576 ¹»

526 1637 676 1698 Ceterum
699 1636 869 1698 Barclaios
885 1651 919 1697 so
942 1637 1024 1696 salsa
1039 1635 1125 1696 veris
1150 1636 1367 1694 miscuissent

487 1750 702 1826 interpretum
731 1751 1010 1840 coufunderentur
1040 1751 1176 1810 consilia
1202 1750 1367 1810 consessus

487 1868 548 1938 est,
565 1867 702 1928 etsirnul
718 1867 872 1944 propositi
889 1867 963 1926 libri
979 1857 1248 1940 significationem
1262 1865 1368 1927 ‹leola-

490 1983 575 2042 rarit
590 1999 699 2057 quum.
725 1983 758 2043 in
785 1987 969 2058 Armeutdts
984 1983 1127 2043 secunda
1146 1986 1249 2058 parte,
1273 1983 1367 2044 Nico·

487 2115 651 2184 pompam,
668 2101 763 2174 cnjus
779 2099 838 2159 sub
866 2114 1006 2175 persona
1025 2098 1149 2160 latebat
1165 2099 1244 2175 ipse.
1260 2099 1369 2176 hujus-

487 2214 611 2274 cemodi
633 2215 730 2276 rerba
745 2216 916 2278 facientem
927 2217 1092 2278 induxerit
1107 2233 1115 2276 ε

530 2349 545 2386 e
569 2329 734 2390 Grandem
751 2331 893 2391 tabularu
904 2332 1051 2392 historiae
1066 2333 1171 2391 instar
1185 2331 1318 2390 ornabo.
1331 2329 1368 2390 ln

487 2459 526 2533 ea
543 2444 643 2502 miros
659 2445 766 2504 exitus
785 2445 1058 2522 circumvolvam:
1076 2460 1182 2511 arnna,
1203 2445 1369 2520 conjugia.

486 2571 647 2626 cruorem,
665 2557 820 2629 laetitiam,
847 2561 1022 2638 insperatis
1044 2560 1186 2621 miscebo
1207 2562 1371 2621 successi-

486 2673 562 2732 bns.
586 2671 767 2734 Oblectahit
788 2674 931 2750 legentes
953 2679 1055 2738 ‘insita
1074 2676 1267 2738 mortalibus
1282 2680 1373 2737 vani-

486 2793 554 2862 tas;
571 2773 673 2866 eoque
685 2791 896 2854 studiosiores
909 2794 1180 2872 inveniamquod
1196 2809 1263 2855 uon
1275 2793 1372 2870 quasi

485 2907 666 2980 docentem,
684 2923 897 2986 severumque
912 2909 945 2968 in
967 2925 1083 2970 manus
1102 2909 1275 2987 accipient.
1290 2908 1372 2970 Pas-

483 3039 554 3084 oam
570 3024 695 3084 animos
709 3026 981 3101 contemplatione
992 3025 1133 3093 diversa,
1144 3026 1176 3084 et
1185 3025 1287 3090 veluti
1301 3025 1371 3100 pio·

481 3140 557 3201 tura
572 3140 726 3200 locorum.
736 3140 817 3200 Tum
829 3141 1047 3216 periculorum
1058 3139 1199 3214 imagine
1216 3139 1370 3200 excitabo

483 3254 754 3325 misericordiam,
771 3258 889 3326 metus,
907 3257 1090 3318 horrorem.
1110 3255 1293 3332 Suspensus
1311 3255 1371 3316 de·

483 3368 558 3428 inde
578 3369 766 3443 sublevabo,
783 3387 983 3446 serenusque
998 3348 1124 3432 diluam
1144 3373 1366 3448 temqestates

483 3481 571 3554 Quos
585 3483 697 3544 libebit
721 3484 797 3544 latis
818 3485 967 3560 eripiam·
983 3461 1056 3547 satis
1076 3485 1170 3546 dabo.
1186 3485 1269 3546 Novi
1291 3502 1369 3548 nos·

516 3713 524 3744 ¹
543 3717 625 3767 Cluvio
641 3720 667 3767 in
678 3679 831 3784 Arpeuidum.
850 3721 932 3787 Lugd.
951 3719 1007 3770 But.
1025 3727 1085 3772 lotd.
