2940 5230
496 701 529 756 2⁸
715 714 756 756 on
778 715 801 756 s.
824 717 974 760 annonam
995 715 1160 759 nnonnron

496 842 689 904 eruditionis
703 843 790 904 fama
803 844 986 916 clariorem,
1002 861 1075 906 oum
1090 844 1221 906 homine
1240 843 1397 906 obscuro

417 1001 420 1008 .
496 971 536 1017 ao
563 959 684 1020 nullius
708 961 775 1021 sere
800 962 934 1036 ingenii,
956 964 1000 1032 et,
1017 963 1052 1022 ui
1066 962 1138 1037 ipsa
1160 959 1302 1032 dicebat,
1322 977 1394 1036 pae-

495 1074 620 1151 dagogo
641 1078 791 1154 componi
808 1079 828 1137 ¹.
854 1099 869 1134 n
889 1079 994 1139 Aliam
1013 1092 1146 1139 oausam
1171 1077 1330 1150 imaginis
1348 1077 1394 1136 is-

496 1192 561 1252 tius
581 1191 770 1252 amovendae
793 1193 893 1253 ruisse
920 1197 1030 1254 censet
1060 1191 1254 1268 Imperium,
1281 1205 1390 1266 quam

496 1320 516 1364 a
530 1304 682 1366 Patribus
706 1306 866 1368 sublatam
881 1324 920 1368 ao
940 1309 1080 1369 deletam
1094 1307 1236 1366 affirmat
1250 1308 1392 1382 propte·

497 1435 555 1480 rea
569 1392 654 1496 quod
667 1421 852 1483 Barolaiurn
864 1423 1060 1484 catholicam
1071 1403 1167 1482 s'rdem
1178 1437 1244 1481 non
1257 1436 1300 1480 ex
1314 1421 1392 1480 ani-

497 1551 560 1606 rno,
574 1551 689 1598 verum
704 1537 946 1599 dissimulanter
960 1539 1106 1615 profiteri
1119 1537 1390 1613 suspicarentur.

497 1649 632 1713 Difficile
648 1657 697 1715 est
713 1655 745 1713 in
767 1671 802 1714 ro
813 1659 878 1716 tarn
895 1656 1021 1716 ineerta
1040 1670 1151 1714 rerum
1179 1653 1384 1729 disquirere.

496 1766 581 1827 Fieri
595 1769 700 1843 potuit
710 1770 845 1842 scilieet,
860 1770 944 1831 siout
957 1773 989 1831 et
1003 1771 1073 1847 ipse
1084 1769 1220 1846 Baylius
1230 1769 1386 1844 subjecit,

496 1887 542 1956 ut,
560 1899 603 1944 ex
626 1885 666 1946 iis
687 1902 759 1962 quae
793 1886 911 1946 litteris
939 1886 1163 1955 commisisset*
1196 1884 1386 1956 Barolaius,

498 1999 610 2079 (libros
626 2003 712 2061 enim
724 2003 849 2079 aliquot
858 2003 988 2063 tantum
1001 2002 1171 2063 inchoatos
1190 2001 1230 2060 de
1244 2000 1388 2062 historia

495 2116 699 2197 reliquerai¹)
718 2135 792 2179 eum
812 2119 1002 2179 haeretioum
1018 2117 1131 2178 intimo
1142 2117 1240 2178 corde
1256 2116 1383 2177 vixisse

495 2234 695 2308 apparuerit,
718 2235 751 2294 et
777 2233 898 2295 idcireo
926 2248 1040 2309 poenas
1066 2233 1105 2292 de
1129 2230 1255 2292 tumulo
1280 2231 1384 2292 fuisse

495 2351 652 2426 sumptas.
662 2350 787 2438 Forsan
803 2353 835 2412 et
848 2351 917 2411 sola
928 2350 1096 2410 muliebris
1110 2350 1269 2423 iactantia
1282 2364 1387 2409 causa

494 2464 555 2525 suit
573 2481 633 2526 our
648 2466 783 2526 Sonoiae
796 2462 1032 2538 inquisitiones
1041 2465 1201 2540 judicium
1211 2465 1307 2525 otiosi
1321 2465 1386 2524 ori-

493 2579 709 2640 minarentur.
734 2580 857 2639 Rumor
881 2583 969 2640 oerte
992 2546 1383 2656 manavitf‘soriptoribus

494 2694 687 2771 quibusdam
727 2696 937 2756 circumlatus
964 2702 994 2768 ³,
1034 2695 1222 2758 Barolaium
1263 2711 1381 2758 revera

495 2811 638 2883 atheum,
651 2810 749 2886 hujus
759 2811 922 2872 haereseos
945 2811 1106 2872 saniorem
1122 2826 1252 2888 semper
1268 2811 1380 2881 fuisse.
1451 2871 1452 2880 ,

495 2926 588 3001 cujus
609 2926 770 3004 discipuli,
791 2929 947 3001 gentium,
976 2927 1061 2987 inter
1084 2942 1165 3003 quas
1192 2929 1378 2994 versantur.

487 3041 643 3115 religioni
652 3059 723 3104 sese
734 3043 994 3104 accommodant.
1007 3042 1380 3118 [dautemsoripdsejus

494 3155 618 3216 iaciant
643 3159 669 3217 si
700 3160 806 3227 tidem,
836 3159 981 3233 exceptis
1006 3159 1045 3218 iis
1069 3175 1142 3235 quae
1165 3158 1204 3218 de
1225 3158 1379 3234 religione
1450 3225 1451 3234 χ

437 3272 441 3290 ·
495 3262 673 3339 composita
689 3271 776 3338 sunt,
803 3267 908 3342 neque
933 3265 1075 3332 ommino
1100 3264 1300 3336 confirmari,
1325 3280 1379 3325 ne·

495 3395 556 3456 que
581 3379 660 3439 satis
682 3380 786 3440 rei'elli
812 3355 953 3441 videtur.
975 3379 1015 3441 nt
1035 3397 1105 3441 rem
1127 3381 1153 3440 si
1176 3397 1217 3441 ex
1242 3380 1376 3442 veritate

532 3628 539 3657 ¹
553 3635 645 3684 Nmms
660 3635 838 3687 Enrrnersus.

531 3699 542 3730 ²
556 3703 592 3754 Do
606 3707 664 3756 bollo
678 3722 745 3757 sacro
767 3703 825 3768 (Les
840 3704 984 3770 croisades).
1003 3707 1083 3760 Siorio
1096 3708 1232 3776 d'Enropa.

531 3771 542 3802 ⁸
557 3775 680 3827 Lonnuzo
696 3774 809 3830 Crasso.
