2974 5222
455 619 490 670 111
672 629 712 670 nu
738 629 762 670 1.
791 627 938 672 pascnan
965 625 1132 668 1110011011

456 759 591 820 00011110
606 759 637 818 in
653 758 814 836 publicam
828 774 952 835 pacem.
968 755 1119 818 Ceterum
1134 775 1360 836 quascumque

460 874 532 935 ilios
557 875 686 934 occasio
702 873 807 945 tollat,
830 875 863 934 in
890 874 1010 940 rixam,
1033 873 1158 932 uirilius
1184 890 1267 949 quas
1287 891 1360 935 uos

459 1005 553 1066 reges
561 991 720 1052 tribuistis
733 965 900 1064 succincti,
910 1005 986 1050 mox
994 990 1130 1050 clientes
1139 991 1360 1066 armatosque

457 1109 639 1171 inveniunt.
666 1125 704 1170 eo
731 1109 890 1186 prolixius
910 1108 994 1183 quod
1019 1106 1090 1167 haec
1110 1107 1281 1168 secedendi
1297 1107 1360 1167 sa-

459 1225 570 1286 010010
587 1241 714 1302 semper
730 1225 834 1286 inulta
846 1225 922 1284 sunt
946 1225 978 1283 et
997 1223 1188 1299 plerumque
1213 1225 1358 1300 praemia

461 1338 591 1402 hahent.
602 1339 655 1401 Sic
668 1339 778 1412 erecti,
794 1339 840 1399 sic
853 1338 952 1399 veluti
965 1339 998 1397 in
1013 1355 1072 1397 suo
1087 1353 1197 1412 regno·
1206 1338 1355 1407 collecti,

458 1454 618 1530 opimiora
634 1454 675 1513 ad
688 1452 926 1514 conciliandam
944 1468 1055 1528 pacem
1071 1468 1091 1512 a
1109 1452 1202 1513 vobis
1217 1453 1362 1528 regibus*

460 1571 669 1646 extorquent,
693 1585 789 1646 quam
817 1569 843 1627 si
876 1569 955 1643 ipsis
981 1568 1172 1641 obseouium
1207 1572 1241 1632 01
1268 1570 1357 1632 iides

461 1685 645 1746 mansisset.
662 1684 780 1746 Vestro
807 1684 937 1743 interim
959 1700 1051 1754 auro,
1077 1685 1263 1762 vestrisque
1290 1689 1357 1747 sti-

461 1795 586 1874 pendiis
603 1793 686 1874 (quis
705 1797 839 1876 serati),
866 1797 1007 1858 militant
1027 1796 1114 1857 acies
1137 1798 1270 1872 quasin
1291 1813 1354 1857 vos

460 1911 614 1972 educunt.
635 1911 763 1973 AErario
777 1917 887 1975 101110
902 1912 1026 1974 1010001
1047 1915 1105 1973 aut
1119 1914 1280 1974 rationem
1291 1914 1356 1974 im-

463 2025 544 2104 perii
570 2027 789 2102 deposcunta
814 2026 916 2098 vobis,
947 2029 1004 2088 aut
1032 2028 1191 2102 regnandi
1218 2028 1354 2088 modum

464 2139 691 2216 praescribunt.
709 2139 790 2212 Quid
804 2140 920 2204 deinde
933 2143 948 2201 ‘i
960 2141 1075 2202 Emitis
1091 2155 1214 2218 pacem,
1229 2157 1327 2216 reges
1343 2159 1351 2200 :

463 2253 513 2314 llis
543 2255 674 2330 prodest
707 2256 931 2330 peccavisse...
962 2256 1089 2331 Majora
1114 2260 1190 2316 sumt
1211 2256 1353 2317 vulnera

460 2370 577 2446 quibus
597 2372 722 2432 viscera
746 2374 860 2449 patriae
875 2373 1043 2436 lancinant
1070 2373 1116 2432 illi
1141 2389 1257 2434 mores.
1287 2375 1354 2434 Ro-

464 2485 525 2548 hur
548 2488 632 2546 enim
662 2491 813 2549 maximae
833 2490 950 2564 gentis
971 2490 1083 2559 010111,
1100 2488 1211 2547 1111001Ι
1240 2487 1355 2548 absint

464 2599 680 2674 incommoda,
712 2603 801 2664 nulla
823 2579 1123 2670 10000110111,1110
1143 2602 1297 2662 assiduus
1316 2604 1354 2662 01

464 2714 619 2792 pestilens
632 2717 749 2775 ventus
765 2716 889 2792 affligit.
906 2717 1050 2776 Pereunt
1064 2715 1197 2776 urbanae
1219 2717 1252 2774 01
1279 2730 1354 2774 rus·

464 2831 536 2894 tioae
544 2845 632 2908 opes,
646 2848 852 2909 quoscunque
862 2832 1048 2908 provincias
1065 2831 1159 2892 turbo
1174 2829 1351 2890 afflaverit.

464 2946 676 3010 Consumitur
704 2948 843 3025 impetus
870 2949 1066 3019 animorum,
1094 2949 1126 3007 et
1152 2945 1352 3021 prudentum

463 3079 545 3140 quos
561 3063 857 3123 multos‘hahemus
881 3062 1025 3139 solertia,
1044 3061 1142 3134 digna
1157 3059 1227 3118 orbi
1243 3059 1353 3119 immi-

463 3196 552 3251 nere,
571 3181 621 3242 his
636 3181 723 3240 domi
738 3181 893 3257 pacandis
918 3182 983 3240 1010
1008 3179 1064 3238 vix
1090 3177 1219 3238 suflicit
1248 3177 1353 3239 insti-

461 3296 598 3358 tuuntur
612 3298 770 3372 praeterea
786 3294 886 3354 animi
907 3293 1092 3367 juventutis
1108 3291 1147 3350 ad
1177 3291 1352 3352 audaciam
1427 3347 1429 3354 .

464 3413 496 3472 01
510 3414 729 3488 contemptum
745 3410 937 3486 majestatis,
961 3408 1192 3484 infandamque
1208 3407 1350 3467 dulcedi-

463 3537 539 3582 nem
559 3523 633 3584 belli
648 3522 766 3595 civilis,
782 3523 815 3581 in
833 3537 899 3597 quo
916 3520 1008 3581 furor
1021 3522 1205 3583 elaviditas
1223 3498 1369 3582 subitas

462 3649 588 3712 pugnas
612 3640 643 3696 01
656 3636 828 3710 praesentia
839 3637 971 3710 praemia
984 3636 1091 3698 habet.
1108 3634 1156 3696 lta
1169 3635 1349 3696 domestico
