2940 5230
332 694 374 736 nn
394 696 570 740 auunnrurs
589 697 808 742 uisrosirioun
978 691 1010 742 33

111 819 252 885 tiorum
264 829 376 898 specie
389 829 464 902 copi
474 829 614 902 possem
626 832 672 890 cul
696 831 842 900 reniam,
859 832 1012 892 omuibus
1094 799 1100 807 ’

111 950 158 996 se
187 941 325 1012 judiees
359 940 390 1000 ei
424 945 595 1016 supplicia
620 942 796 1007 datiuum.
831 945 923 1004 Huic
958 947 1012 1008 mi

118 1055 322 1130 Epeirciem
335 1058 603 1120 munitissimam
611 1065 913 1129 nisenuiiiomum
925 1077 1008 1124 esse.

115 1167 264 1244 menis
281 1171 384 1246 ,igitur
401 1175 566 1248 gratulata
590 1175 803 1243 fortissimum
817 1178 903 1254 patri
928 1194 1009 1238 con-

115 1285 248 1372 silium,
264 1289 536 1364 sumlbburrane‚
552 1292 770 1366 regnamus,
784 1295 953 1372 Epeircten
969 1311 1012 1356 ex

116 1401 302 1462 constituto
318 1403 565 1479 profisciscitur.
584 1405 629 1464 lhi
652 1406 728 1466 dum
753 1407 1011 1476 Archouihrotus

115 1513 292 1598 impotenti
300 1518 471 1593 Argenidis
484 1535 595 1581 amore
606 1523 787 1598 torquetur,
803 1523 896 1598 virgo
908 1523 1008 1598 regia,

116 1628 245 1706 duplici
273 1632 490 1694 sollicitudine
517 1635 673 1716 cruciata,
704 1653 806 1712 regno
836 1639 945 1699 studet
978 1642 1010 1700 et

116 1747 296 1810 Poliarcho
320 1751 448 1812 absenti
475 1751 637 1813 armillam
667 1757 846 1830 comparat,
877 1757 1010 1832 quaeat

116 1868 244 1928 amanti
261 1868 429 1930 deleratur
452 1869 613 1950 Timonidi
639 1870 767 1930 cuidam
782 1871 914 1942 tradita,
933 1887 1010 1947 per-

118 1981 186 2044 fido
210 1983 251 2043 ab
276 1977 447 2048 Eristhene
469 2001 597 2046 veneno
618 1984 787 2062 imbuitur,
804 1986 1010 2062 mittiturque
1079 1961 1082 1966 ⁵

117 2115 194 2160 cum
209 2099 395 2160 codicillisa
409 2100 576 2177 Lycogeue
587 2102 731 2178 scriptis
749 2101 914 2179 inquibus
929 2101 1010 2164 ami-

117 2216 230 2276 citiam
242 2215 403 2293 simulans¹
414 2216 486 2286 iste,
504 2215 728 2278 Meleandrum
756 2217 875 2278 veneni
888 2216 1007 2292 arguit.

115 2330 310 2392 Poliarchus
325 2332 446 2419 autem,
466 2335 635 2409 postquam
651 2348 765 2394 eversa
780 2333 906 2404 navim
922 2333 1010 2408 pira·

117 2445 222 2512 ticum
250 2445 393 2506 lembum
425 2449 589 2522 receptus,
628 2447 754 2524 piratas
778 2449 914 2510 catenas
946 2445 1007 2506 sihi

117 2560 280 2620 minantes
297 2561 534 2634 immolaverat,
554 2565 586 2624 et
603 2563 782 2640 expilatam
802 2563 844 2624 ab
869 2563 909 2622 iis
925 2561 1008 2638 regi·
1061 2637 1062 2642 ἵ

118 2692 169 2736 nae
189 2673 396 2738 llauritaniae
418 2678 609 2754 thesaurum
629 2679 691 2754 ipsi
710 2679 833 2753 reginae
859 2678 1008 2740 reddide-

119 2793 375 2866 rat‚'destinatis
404 2809 423 2854 a
446 2795 616 2872 Lycogene
643 2794 797 2870 perlectis
819 2792 948 2864 litteris,
965 2791 1007 2852 ad
1112 2842 1114 2846 .

120 2907 343 2970 Meleandrum
362 2909 563 2972 Gaianorum
577 2910 741 2981 comitam,
757 2908 811 2986 qui
824 2908 894 2981 regi
912 2906 1007 2984 perfi-

121 3027 307 3088 diamsuam
321 3027 548 3104 exprobraret,
565 3025 696 3086 dimisit.
711 3023 774 3084 Sed
791 3023 909 3082 dumin
926 3021 1006 3082 Sici-

120 3144 194 3204 liam
206 3145 370 3220 proticisci
385 3144 517 3220 rogitat,
533 3143 717 3215 vehementi
732 3140 846 3201 morbo
859 3139 1002 3198 ametur.

122 3257 284 3336 Epeirctes
309 3275 399 3332 vero,
422 3276 520 3336 quum
542 3257 729 3318 Gelanorus
744 3256 785 3315 ad
804 3269 912 3329 regem
930 3269 1006 3330 per·

120 3376 231 3438 duetus
247 3375 405 3452 perfidam
421 3374 601 3452 Lyoogenis
622 3372 793 3450 epistolam
813 3371 1004 3432 tradidisset

122 3491 245 3569 dolique
276 3491 393 3553 detenti
418 3493 539 3562 essent,
558 3505 677 3564 magua
699 3488 856 3550 facinoris
878 3487 1003 3548 invidia

122 3574 228 3667 omnes
258 3606 401 3676 incessit,
438 3609 471 3668 et
500 3605 632 3667 nefandi
668 3604 795 3666 consilii
826 3603 1002 3680 participes

123 3721 310 3784 Oloodemus
339 3721 611 3797 liristlienesque
629 3721 714 3796 rapti
739 3719 849 3780 statim
866 3721 943 3778 sunt
968 3718 1001 3795 iu

900 3829 912 3872 u
