2940 5230
397 695 438 738 nu
458 697 482 737 J.
499 697 649 741 unacum
670 699 743 740 vira
976 691 1007 742 at

123 827 214 884 natis
233 827 448 900 quorumdam
473 828 656 906 principum
689 831 796 905 gratia
819 832 921 906 pretio
945 835 1011 892 tam

122 936 253 1008 infami,
278 939 346 998 sive
361 942 577 1014 quaerentium
601 943 735 1004 comites
750 945 914 1014 vitiorum,
944 945 1011 1004 sive

123 1052 244 1126 legatis
254 1054 449 1130 advenisque
458 1057 1008 1134 hospitalemparantiummensam.

123 1167 212 1226 Nam
243 1168 400 1230 Germani
436 1174 527 1232 nulla
561 1175 715 1234 comitate
740 1143 884 1234 ¹suavius
913 1190 1011 1251 quam
1063 1199 1072 1220 =

123 1283 238 1356 longo,
263 1299 323 1344 nec
347 1285 467 1355 sobrio,
492 1287 642 1348 convivio
664 1291 854 1364 peregrinos
872 1291 1012 1350 credunt

124 1399 247 1474 excipi,
268 1401 300 1459 et
323 1402 401 1460 tunc
423 1402 628 1462 verissimam
655 1403 697 1462 ab
723 1404 801 1480 ipsis
833 1403 1012 1480 hospitibus

124 1516 387 1578 benevolentiam
401 1519 434 1577 in
451 1534 485 1578 se
501 1521 659 1594 expromi,
674 1520 729 1580 ubi
744 1522 865 1581 mutuis
886 1521 1012 1598 poculis

125 1633 281 1692 inundari
301 1649 367 1694 non
382 1634 555 1695 abnuunt„
565 1629 600 1695 Id
613 1637 679 1696 illic
690 1652 818 1696 summa
827 1637 1007 1708 urbanitas,

126 1743 161 1800 et
180 1739 370 1800 coeuntibus
395 1742 657 1818 primam
683 1745 801 1804 animis
823 1745 855 1803 in
880 1745 1011 1805 foederis

126 1856 235 1915 locum
264 1857 284 1916 ¹.
310 1875 327 1914 »
354 1855 482 1917 Scimus
511 1861 554 1930 et,
577 1858 729 1918 Barclaio
749 1859 922 1928 doctiores
944 1875 1011 1918 non

126 1973 309 2032 amicorum
324 1972 420 2032 modo
434 1973 506 2032 istis
523 1974 638 2048 pocula
653 1974 814 2050 placuisse
828 1973 835 2032 l

169 2087 274 2147 Locus
296 2088 350 2147 hic
371 2103 449 2148 vero
464 2089 503 2148 de
526 2088 643 2148 litteris
662 2105 771 2148 nonne
787 2089 856 2149 sale
872 2089 1013 2164 plenus‘?

171 2221 186 2257 «
209 2201 342 2262 Litterae
365 2203 398 2260 in
414 2202 525 2263 multis
546 2202 626 2262 locis
643 2203 738 2262 cultae
764 2204 849 2263 inter
863 2202 1012 2262 homines

127 2317 236 2376 minus
256 2317 380 2376 sciendi
392 2317 504 2378 avidos
520 2332 618 2393 quam
632 2317 779 2376 docendi.
800 2315 900 2376 Plura
915 2330 1013 2392 quam

129 2432 277 2507 legerint,
290 2432 448 2502 scribunt,
464 2437 496 2494 et
506 2448 599 2492 suam
613 2433 733 2492 famam
751 2448 793 2492 ex
812 2433 1015 2493 voluminum

129 2564 202 2624 quae
221 2549 323 2608 edunt
345 2563 482 2609 numero
505 2551 562 2608 aut
586 2548 811 2622 magnitudine
830 2547 1008 2608 aestimant.

130 2663 186 2723 Vis
217 2664 373 2724 mentium
387 2666 422 2723 ut
435 2678 544 2739 opaca,
563 2665 607 2723 ita
627 2665 666 2722 ad
687 2665 904 2724 aeternitatem
927 2663 1017 2724 labo-

130 2799 202 2842 rum
222 2784 271 2842 est
296 2780 441 2853 robusta,
459 2783 495 2840 ut
520 2781 619 2840 ceteri
638 2781 754 2840 melius
772 2781 900 2856 quidem
918 2781 1014 2848 scire,

130 2901 176 2961 illi
196 2916 273 2960 vero
293 2901 387 2975 ptura
401 2899 526 2975 possint
544 2898 565 2932 ²·
584 2919 600 2952 ›>

170 3016 233 3076 Per
261 3031 374 3075 omnes
401 3015 541 3089 Europae
593 3012 728 3088 populos
767 3017 1014 3087 percurrentem

130 3132 315 3192 Barclaium
330 3135 362 3192 et
376 3100 423 3191 ex.
431 3130 544 3191 ordine
557 3129 596 3189 de
609 3128 765 3190 Italorum
775 3127 1014 3204 Belgarumque

131 3247 248 3319 indole,
262 3248 301 3308 de
315 3247 534 3323 Hispanormn
558 3245 652 3320 genio
680 3247 711 3304 et
735 3243 890 3312 moribus,
913 3243 1016 3319 deque

131 3361 308 3435 Hungaris
335 3361 480 3430 Potonis‚
510 3359 689 3434 Turcisque
717 3358 930 3417 disserentem
951 3372 1015 3416 non

168 3601 218 3654 ¹J.
233 3606 359 3655 Bnncnau
378 3603 434 3654 [ron
456 3605 599 3659 orianorum,
624 3618 669 3667 cap
693 3601 733 3649 V:
749 3599 852 3648 Dresdae
877 3607 901 3647 et
920 3599 1017 3662 Lipsiae,

134 3682 195 3725 1733.

167 3763 177 3792 ²
193 3767 241 3825 lm,
258 3768 316 3816 ibid.
