2940 5230
507 687 540 742 lo
722 699 763 741 ou
787 699 810 741 J.
839 697 989 740 urrunnu
1016 697 1177 741 ineamus

507 827 642 890 leandro
655 827 831 891 ilenricum
847 829 1003 900 Tertium,
1018 843 1038 890 a
1051 829 1259 892 Radirobaue
1271 829 1391 907 Philip-

507 961 582 1022 pum
599 943 783 1006 Secundum
795 944 946 1023 exprimi,
964 945 1040 1022 quid
1057 947 1125 1006 tum
1140 946 1278 1022 intelligi
1292 947 1392 1024 possit

504 1073 547 1122 ex
561 1059 671 1122 verbis
692 1060 808 1136 quibus
830 1076 943 1136 regum
962 1061 1101 1122 istorum
1120 1075 1319 1138 congressus
1340 1078 1393 1122 ce-

503 1175 654 1238 lebratur
670 1193 677 1236 :

471 1321 474 1328 «
544 1291 706 1354 «Tandem
715 1293 757 1354 ad
768 1307 885 1354 navem
896 1293 1017 1370 scapha
1032 1293 1386 1373 Melenndriapplicuit;

501 1409 557 1484 qui
577 1408 611 1468 in
630 1409 761 1484 paratos
776 1409 898 1484 gradus
915 1410 1032 1472 enixus
1047 1412 1098 1470 est
1118 1409 1249 1470 admoto
1260 1411 1302 1470 ad
1324 1409 1388 1470 iul-

498 1524 615 1584 cienda
637 1525 774 1601 vestigia
801 1526 1060 1599 Archombrot03
1092 1526 1196 1587 donec
1223 1542 1263 1586 eo
1288 1542 1388 1603 usque

498 1641 656 1714 pervenit,
674 1644 710 1703 ut
724 1643 855 1704 tradere
872 1642 1096 1704 Radirobanes
1113 1659 1247 1704 manum
1264 1645 1386 1720 posset.

499 1751 581 1814 Tum
594 1770 671 1816 vero
683 1758 839 1834 tanquam
852 1757 929 1818 olim
938 1756 1119 1817 familiares
1135 1757 1245 1818 coiere
1266 1757 1388 1835 ample-

497 1867 612 1940 xibus;
634 1872 666 1932 et
690 1871 814 1946 gratias
836 1875 953 1948 agente
976 1872 1176 1946 Meleandro,
1194 1875 1278 1952 quod
1304 1876 1333 1936 is
1354 1889 1388 1936 se
1452 1873 1453 1962 l

498 1985 646 2062 adjutum
660 1987 828 2056 voluisset.
845 1988 901 2048 ille
923 1989 1118 2051 beneficium
1139 1991 1387 2052 modestissimis
1452 1971 1453 2024 3

495 2099 604 2162 verbis
629 2102 780 2177 augebat.
797 2104 906 2166 Pauca
930 2105 1046 2168 deinde
1070 2107 1204 2169 interse
1219 2109 1384 2176 collocuti,

496 2218 549 2278 hic
571 2219 611 2277 ad
634 2219 866 2281 salutationem
886 2222 1042 2284 Proceres
1064 2222 1195 2294 Siciliae,
1226 2224 1283 2284 ille
1307 2223 1386 2286 Sar-

495 2333 606 2408 diniae,
621 2335 763 2396 admisit.
781 2336 924 2408 Ambos,
940 2339 1149 2416 hospitesque
1164 2341 1385 2434 appellabant.

496 2448 573 2512 Mox
594 2453 626 2514 ot
645 2452 882 2526 Radirobanes‚
909 2471 969 2518 nec
992 2458 1139 2532 rogatus,
1162 2457 1331 2519 descendit
1353 2459 1385 2518 in

495 2561 676 2627 Meleandri
697 2569 863 2644 scapham,
879 2570 978 2646 quise
992 2572 1024 2632 in
1042 2573 1116 2633 navi
1132 2573 1231 2648 prior,
1247 2575 1318 2650 ejus
1334 2591 1387 2650 po·

495 2681 603 2740 testati
617 2683 811 2745 tradiderat.
832 2685 1036 2749 Personabat
1070 2689 1139 2750 toto
1155 2688 1263 2750 littore
1291 2691 1382 2752 navi-

495 2792 620 2872 busque
631 2797 841 2874 symphonia;
855 2800 1016 2880 simulque
1026 2803 1166 2865 militum
1179 2807 1211 2866 et
1226 2805 1384 2882 remigum

495 2912 633 2986 clamor,
646 2913 882 2976 celebrantium
898 2918 1042 2978 mutuam
1060 2920 1307 2994 Regumtidem;
1321 2939 1385 2984 non

495 3027 593 3100 terro,
609 3044 675 3090 nou
692 3044 822 3105 aggere,
836 3047 901 3093 non
922 3033 1113 3096 custodibus
1128 3037 1227 3110 tutos,
1246 3038 1384 3115 simplici
1406 3047 1409 3052 '
1451 3029 1452 3104 ἶ

494 3146 628 3222 pietate,
656 3148 752 3222 atque
780 3122 858 3222 jure
892 3151 1036 3229 hospitii,
1067 3151 1154 3213 inter
1180 3169 1215 3212 se
1241 3155 1384 3228 jucunde
1451 3179 1452 3242 p

494 3260 633 3321 versari.
652 3261 846 3326 Omiseram
856 3281 947 3343 soepe
962 3267 1152 3342 potentiam,
1167 3268 1201 3328 in
1220 3285 1285 3346 qua
1299 3287 1387 3334 rare

496 3365 660 3429 felicitatis
683 3370 794 3431 estad
817 3369 902 3433 bona
923 3374 1136 3450 privatorum,
1159 3391 1218 3438 nec
1241 3381 1382 3455 suspecti

497 3484 683 3544 commercii
714 3485 963 3560 humanitatem,
994 3491 1177 3564 pervenire.
1209 3492 1382 3570 Expositos

498 3594 531 3654 in
555 3595 663 3656 littore
684 3597 790 3673 Reges
811 3617 927 3662 rursus
950 3604 1133 3681 amplexus,
1151 3622 1267 3668 rursus
1293 3608 1383 3672 blan·

498 3708 586 3769 dittae
600 3711 762 3774 tenebant.
772 3713 854 3775 Hinc
866 3715 1112 3787 Radirobanem,
1121 3737 1218 3797 quum
1233 3722 1265 3783 in
1278 3725 1381 3800 prima
