2940 5230
490 657 523 708 iz
710 666 752 707 nn
772 666 798 706 J.
821 667 970 710 naaman
991 668 1157 710 suession

488 797 574 858 rexit
582 797 696 872 juvent
713 811 858 863 manum,
871 801 904 856 et
926 797 1112 871 gratulatus
1130 799 1181 857 est
1198 797 1240 858 de
1255 799 1389 865 indole,
1451 808 1452 872 t

489 915 522 973 et
537 913 678 988 ingenio,
692 913 796 989 deque
817 913 937 974 ceteris
958 912 1137 974 virtutihus
1151 930 1234 988 quas
1258 929 1387 974 omues

487 1029 520 1088 in
544 1027 606 1089 hoc
621 1028 746 1102 legerat
757 1043 854 1098 auro;
868 1027 1222 1104 aduocatoquescrihu,
1239 1028 1389 1103 publicis
1451 1003 1452 1032 ³

487 1144 713 1206 instrumentis
745 1143 964 1204 sarerdotium
1000 1157 1074 1203 num
1111 1141 1268 1203 tribunali
1302 1141 1385 1201 dari
1451 1145 1452 1150 ’

487 1260 598 1336 jussit.

532 1373 628 1434 «Post
641 1374 711 1434 haec
719 1389 780 1448 ego
788 1374 1041 1450 lentispassihus
1052 1373 1095 1433 ad
1109 1371 1274 1433 Doromisi
1288 1372 1384 1432 latus

487 1489 573 1560 reni,
590 1491 634 1558 et,
655 1490 835 1566 composito
853 1489 958 1560 stultu,
978 1505 1021 1549 ue
1042 1488 1148 1564 ipsum
1168 1502 1236 1547 nou
1257 1487 1383 1547 timere

488 1603 618 1664 viderer
640 1619 648 1662 ε
674 1603 755 1679 Ego,
777 1604 922 1680 inquam,
949 1603 1059 1664 minus
1084 1601 1256 1677 explicabo
1281 1615 1380 1660 meas

489 1719 592 1791 dotes
616 1719 770 1797 quoniam
796 1718 889 1781 vobis
912 1718 975 1778 diis
1004 1718 1115 1779 omnia
1135 1718 1258 1792 patent.
1275 1714 1379 1776 Cete-
1452 1747 1453 1840 p

489 1849 561 1896 rum
591 1833 751 1894 industria
776 1848 850 1894 mea
875 1832 1071 1910 perimine
1101 1831 1174 1908 quis
1197 1832 1295 1900 esset,
1322 1831 1379 1890 oni
1452 1851 1453 1884 t

491 1949 591 2010 liusae
616 1949 780 2026 profusius
805 1949 846 2009 de
866 1948 1017 2010 artificiis
1038 1946 1106 2007 suis
1132 1945 1377 2021 dispensarent.

492 2065 570 2140 Quae
584 2080 638 2126 res
653 2065 680 2124 si
691 2080 743 2125 me
757 2063 948 2138 Protagoni,
959 2063 1023 2125 tuis
1037 2061 1193 2137 auspiciis
1206 2075 1381 2120 commen-

491 2181 592 2254 dabit,
600 2182 633 2243 et
645 2195 703 2258 per
714 2181 801 2241 huno
812 2195 864 2240 me
879 2177 948 2239 Dea
957 2177 1102 2238 Fortuna
1116 2175 1280 2252 respiciet,
1290 2175 1377 2235 nihil

492 2299 599 2374 majus
620 2296 699 2357 mihi
720 2295 930 2373 imputaverit
951 2293 1077 2371 Apelle,
1094 2307 1191 2369 quam
1211 2292 1295 2368 quod
1315 2293 1379 2368 ipsi

492 2415 559 2474 tam
569 2413 718 2487 pretiosae
729 2412 896 2480 servitutis
906 2411 1044 2486 gratiam
1063 2409 1165 2470 debeo
1176 2408 1310 2469 munito
1323 2407 1380 2470 ille

494 2527 626 2588 artiileii
649 2527 790 2598 nomine,
817 2525 939 2586 diutins
963 2524 1070 2597 haesit,
1101 2529 1134 2584 et
1151 2539 1248 2600 quam
1272 2525 1379 2584 artem

495 2641 678 2718 protlterer,
695 2641 840 2716 diligenti
863 2639 1043 2701 attentione
1062 2638 1249 2715 qnaesivit...
1285 2637 1379 2698 Tunc

495 2761 569 2816 ero,
581 2746 746 2809 intellecto
761 2746 1032 2818 nominiserrore,
1042 2760 1093 2804 me
1108 2742 1253 2804 modeste
1268 2743 1374 2803 artifi·
1453 2795 1454 2802 ,

495 2877 565 2924 oem
576 2877 646 2924 esse
658 2861 787 2937 negavi,
801 2861 924 2938 aliquid
938 2860 1079 2922 nobilius
1093 2860 1265 2935 parentum
1275 2859 1378 2920 sortu-

495 2993 572 3040 nam
590 2977 759 3056 apernisse
774 2976 866 3049 ntihi,
878 2978 911 3038 et
920 2975 1114 3052 ingeniuma
1127 2975 1215 3049 vulgi
1229 2975 1377 3036 sordibus

495 3093 668 3153 secretum.
684 3089 734 3152 Me
749 3091 867 3153 litteris
886 3106 959 3152 esse
981 3092 1157 3164 excultum,
1178 3106 1230 3150 me
1251 3092 1375 3150 naturae

495 3208 732 3270 humanitatem
754 3207 879 3267 mitium
895 3207 1077 3269 studiorum
1091 3204 1169 3266 disci
1175 3205 1263 3281 plina
1276 3219 1373 3279 expo-

495 3325 618 3387 livisse.
638 3323 756 3388 Audito
770 3323 822 3384 ille
839 3323 1030 3384 Scholastioi
1046 3323 1177 3384 nomine
1196 3321 1371 3396 fastidiose,

496 3439 634 3518 primum
650 3442 731 3501 nutu
745 3440 916 3499 aversatus
938 3441 987 3500 est
1003 3442 1210 3517 perorantem
1228 3456 1234 3498 :
1250 3453 1289 3498 an
1307 3454 1374 3498 mo·

497 3555 569 3616 dieo
585 3555 699 3616 deinde
724 3555 793 3615 risu
810 3556 880 3630 jam
896 3555 1067 3632 trepidum,
1081 3557 1150 3632 jam
1177 3554 1371 3631 pavitantem

499 3671 713 3748 perstrinxit:
735 3673 767 3732 et
786 3687 898 3732 eumn
924 3671 1023 3732 seculi
1053 3670 1212 3731 industrie
1237 3668 1371 3728 alienum
