2974 5222
435 689 471 746 “rs
649 693 693 736 un
715 693 739 736 a.
763 693 913 736 semmam
941 693 1105 736 nnuuxms

478 825 571 886 lianc
602 827 710 884 aulem
741 824 952 894 sententiam,
996 824 1069 899 plus
1103 839 1234 900 aequo
1270 819 1380 880 studii

436 940 559 1002 nabere
585 955 685 1017 quum
713 940 756 1000 sit
783 939 1003 1015 perpiscuum‚
1031 939 1289 999 infitiandum
1333 937 1384 992 ta-

440 1071 602 1116 mennon
629 1057 680 1114 est
705 1054 795 1128 puris
822 1053 916 1129 aqiuis
945 1057 1074 1114 scalere
1101 1054 1384 1126 earumdem,

439 1175 537 1248 atque
558 1187 576 1232 a
597 1169 748 1230 Barclaio
769 1169 849 1228 nihil
875 1169 1010 1246 praeberi
1028 1170 1115 1230 unde
1135 1183 1288 1228 mores
1306 1177 1386 1224 cor-

442 1279 547 1356 rumpi
565 1279 698 1355 possint.
721 1276 800 1352 EJ'us
824 1279 912 1336 enim
932 1277 1092 1337 caslitalis
1109 1271 1324 1336 Ponat-clii
1352 1275 1387 1328 et

442 1393 613 1470 Argenidis
627 1409 757 1454 amores
778 1395 856 1452 sunt
872 1394 908 1454 ut
919 1393 969 1453 rel
986 1393 1122 1452 minima
1134 1388 1385 1465 corruptelae

443 1510 585 1586 suspicio
607 1509 710 1573 ausit:
744 1507 998 1586 necquidquam
1024 1508 1114 1582 legas
1144 1511 1220 1567 aut
1270 1507 1385 1577 turpe

445 1622 579 1695 sactum
603 1627 659 1683 aut
676 1622 821 1698 improbe
837 1624 959 1684 dictum
974 1627 1059 1700 quod
1074 1623 1221 1684 crimini
1246 1623 1382 1682 verla-

444 1745 508 1800 tur.
537 1738 598 1798 Sed
620 1755 684 1800 riou
711 1739 790 1798 satis
817 1741 866 1798 esi
886 1739 924 1803 si.
953 1755 1051 1815 quum
1078 1741 1216 1810 omnia,
1265 1739 1312 1797 ul
1332 1737 1379 1794 ita

444 1855 563 1912 (licam.
591 1853 747 1928 pudorem
764 1853 983 1928 virtutemque
1000 1853 1181 1926 redoleant,
1217 1854 1377 1929 postre-

447 1986 499 2028 mo
516 1969 617 2046 plenis
630 1967 738 2028 affecti
753 1968 828 2028 mali
843 1967 1002 2039 homiues,
1013 1969 1089 2028 boni
1104 1986 1182 2031 uero
1193 1966 1371 2046 praemiis

447 2084 535 2142 aucti
562 2081 716 2142 evadant.
739 2081 822 2156 Quid
848 2083 888 2144 dc
902 2083 981 2154 Deo,
1014 2084 1153 2160 quidde
1178 2083 1371 2158 religione

449 2199 589 2274 scriptor
602 2199 753 2266 senserit,
775 2198 931 2258 lectorem
946 2215 1010 2259 non
1027 2200 1155 2260 nescire
1168 2200 1333 2277 oportet

492 2317 592 2376 Porro
607 2331 672 2374 non
689 2316 753 2375 ulla
765 2315 939 2390 cujuslibet
954 2318 1086 2390 generis
1107 2316 1367 2394 superstitione
1463 2310 1470 2353 s

447 2430 628 2502 obligatum
644 2431 742 2490 luisse
766 2431 950 2490 Barclaium
966 2431 1126 2507 suspicor.
1153 2431 1254 2493 Certe
1275 2432 1362 2490 ina·
1407 2495 1411 2504 ¹

452 2555 525 2600 nem
557 2539 739 2610 scientiam,
777 2555 840 2614 qua
865 2555 907 2599 ex
933 2539 1076 2599 siderum
1109 2540 1357 2600 observatione

452 2659 591 2716 uentura
605 2656 735 2732 praedici
752 2654 911 2720 solebant.
927 2655 1052 2716 salibus
1064 2660 1284 2720 consectatus
1300 2661 1357 2714 est

450 2773 484 2830 el
494 2771 560 2830 tam
576 2771 895 2844 multisargumentis
908 2771 1073 2832 lacessivit
1088 2774 1124 2832 ut
1149 2776 1219 2834 tum
1232 2771 1352 2833 adhuc

454 2886 700 2947 mathematicos
716 2887 864 2946 floruisse
880 2889 1048 2962 appareat.
1069 2887 1117 2948 De
1130 2887 1274 2949 Numine
1290 2901 1352 2946 ve-

455 3019 503 3070 ro,
524 3003 627 3078 deque
642 3001 737 3061 rebus
754 3001 882 3073 divinis,
908 3003 1013 3062 minus
1029 3017 1185 3078 expresse
1208 3004 1348 3064 locutus

456 3120 517 3177 est.
528 3117 740 3177 Aneroestum
751 3115 879 3192 quidem
888 3117 1017 3177 induxit
1027 3118 1207 3177 dicentem:
1220 3140 1233 3170 u
1248 3132 1346 3178 sum-

457 3248 541 3294 mam
555 3233 697 3307 aliquam
714 3247 785 3291 esse
805 3235 958 3302 mentem,
973 3241 1045 3308 quae
1060 3234 1168 3293 omnia
1184 3234 1345 3298 condide-

458 3349 511 3420 rit,
534 3349 603 3424 ipsa
617 3347 670 3407 lex
685 3347 762 3406 solis
779 3347 1140 3423 nunquamexerrantis
1161 3345 1343 3427 aborbita,

458 3466 527 3524 tum
546 3464 631 3523 lunae
658 3467 690 3524 el
718 3467 900 3523 ceterorum
916 3463 1060 3522 siderum
1076 3462 1155 3524 ordo
1177 3463 1346 3538 totiusque

462 3577 587 3637 naturae
601 3577 766 3652 ingenium
782 3579 861 3638 salis
875 3578 1060 3640 hominibus
1072 3578 1248 3656 persuadet
1262 3593 1345 3653 quos

459 3706 517 3750 nec
547 3692 714 3766 sapientiae
734 3710 801 3753 suae
829 3693 967 3769 superba
997 3695 1126 3770 opinio,
1155 3711 1213 3754 neo
1238 3693 1344 3755 brulis

1460 2528 1463 2577 l
