2940 5230
474 651 507 707 tlt
691 661 733 703 os
756 661 780 702 J.
808 657 957 702 unncnnn
981 657 1148 702 nnouuton

476 789 630 850 decrevit.
658 785 729 848 Non
753 786 857 846 solum
880 787 965 846 enlm
981 785 1162 846 rebellione
1180 801 1289 861 regna
1308 787 1376 846 tur-

477 902 650 974 babantur,
667 902 721 963 sed
747 902 845 962 etiam
866 901 1062 962 documenta
1084 905 1242 977 artesque
1260 903 1375 964 rebel-

476 1020 563 1082 landi
579 1037 617 1080 eo
644 1023 800 1094 tempore,
818 1016 908 1077 uelut
927 1032 970 1077 ex
986 1016 1170 1092 disciplina,
1188 1017 1373 1077 tradeban-

478 1137 547 1196 tur.
570 1133 652 1208 Quin
679 1147 760 1208 onus
775 1133 824 1191 est
845 1129 1021 1191 Hotmanni
1038 1134 1371 1202 Franco-Galliam,

477 1247 635 1322 Languen
656 1243 831 1306 Vindictae
846 1246 970 1306 eontra
990 1245 1170 1317 tmartnoe
1184 1245 1295 1306 Boetii
1312 1250 1370 1307 Vo-

478 1365 667 1428 tmtturtum
677 1365 888 1434 servitialem,
902 1362 1090 1423 Buehanani
1102 1363 1142 1424 de.
1153 1367 1240 1424 tetre
1251 1368 1368 1438 renni.

479 1481 595 1541 Bodini
621 1497 699 1540 uero
720 1481 760 1540 ‹le
783 1483 966 1554 Repubtt'oa
989 1479 1089 1540 libros
1114 1479 1262 1540 reterre?
1285 1479 1367 1552 Quid

480 1604 563 1682 quod
587 1604 669 1663 alios
695 1604 1012 1681 innumerabilesque
1039 1604 1201 1680 rrol'eram
1223 1619 1367 1666 mortar·

480 1723 684 1781 obolitueltos
700 1721 766 1796 qui,
783 1723 855 1780 arte
870 1721 1032 1780 scribendi
1045 1735 1124 1781 sane
1142 1721 1302 1784 minores.
1334 1722 1364 1778 in

480 1835 622 1912 regalem
640 1838 832 1912 potestatem
850 1835 1098 1907 invehebantur,
1112 1838 1258 1912 juraque
1273 1836 1363 1910 regni

479 1951 622 2014 funditus
634 1955 669 2013 ut
681 1955 878 2022 everterent,
893 1951 1176 2027 abantiquissimis
1189 1953 1363 2013 annalibus

481 2071 639 2132 auxilium
658 2069 825 2146 petebant.l
840 2069 930 2129 Trita
947 2069 1016 2128 haee
1028 2070 1162 2128 nimium
1178 2074 1257 2132 suut
1268 2085 1361 2146 quam

481 2189 516 2247 ut
538 2186 577 2246 all
604 2185 792 2245 memoriam
818 2187 1023 2245 reuocentur.
1047 2183 1196 2243 Barolaio
1212 2201 1293 2246 vero
1308 2155 1362 2260 oa-

481 2303 578 2364 trium
595 2301 734 2377 quodam
760 2299 854 2360 illotlo
869 2303 940 2360 erut
959 2301 1144 2360 contrarias
1160 2305 1271 2376 partes
1293 2319 1361 2362 sus·
1433 2279 1434 2288 ἵ

480 2423 587 2498 cipere
600 2425 631 2482 et
645 2421 705 2481 sibi
721 2401 832 2495 regum
847 2420 1063 2496 [latrocinium
1074 2435 1253 2480 assumere.
1272 2420 1358 2494 Quod

474 2540 544 2613 jam
560 2539 667 2605 antea,
686 2535 899 2609 flagrantibus
912 2536 1019 2594 allitus
1035 2535 1216 2595 istiusmodi
1232 2538 1361 2598 contro·

479 2653 608 2720 uersiis,
624 2653 722 2712 semel
737 2657 833 2728 atque
849 2654 966 2713 iterum
980 2668 1079 2728 quarm
1096 2652 1236 2722 lecisset,
1256 2657 1361 2728 Arae·

479 2771 572 2829 auidis
593 2769 668 2827 liuta
690 2769 879 2828 narratione
899 2770 1078 2843 ornataque
1094 2769 1242 2828 oratione
1257 2771 1359 2843 magis

479 2885 636 2946 illustrari
654 2902 747 2962 posse
766 2886 902 2961 nutavit,
926 2889 957 2945 et
977 2883 1123 2944 nonnillil
1143 2884 1238 2958 pretii
1260 2901 1357 2959 argu-

477 3006 595 3065 mentis
606 3020 647 3064 ex
657 3003 997 3077 elegantiaverborum
1011 3001 1356 3078 illecebrisquat'abulae

479 3124 549 3183 lore
565 3120 711 3181 eredidit.
739 3119 859 3179 Multas
882 3119 982 3194 igitur
998 3134 1054 3196 per
1070 3118 1223 3192 ambages
1245 3119 1283 3178 ad
1297 3135 1355 3195 po-

479 3239 601 3299 liticam
632 3253 699 3296 rem
727 3236 830 3297 tendit
849 3239 1011 3311 Armenta,
1037 3238 1068 3295 et
1095 3237 1162 3295 tota
1177 3235 1245 3295 lere
1269 3236 1352 3296 oiroa

479 3355 634 3430 optimam
653 3351 813 3427 regnandi
830 3350 1045 3410 uenditionem
1067 3351 1216 3412 vertitur.
1233 3349 1277 3412 De
1292 3367 1351 3427 qua

478 3470 552 3545 quid
588 3459 726 3528 senserit
754 3469 818 3528 ille.
845 3481 930 3524 nunc
960 3467 1146 3540 diligentius
1169 3468 1351 3544 perquiren-

444 3601 448 3612 “
481 3583 570 3643 dum.

519 3701 686 3777 Nusquam
708 3701 901 3762 sententiam
926 3704 1070 3780 apertius
1095 3704 1244 3779 patefecit
1270 3705 1347 3763 Bar-
