2974 5222
428 711 462 762 itit
642 717 683 760 nu
707 719 731 760 s.
759 717 907 761 aduenam
933 715 1097 760 andnamt

429 851 459 910 vi
479 849 656 926 repulerat,
689 849 1042 924 conclaruaierantque
1065 847 1183 908 milites
1205 847 1235 906 id
1258 865 1324 922 ope

429 965 584 1026 Minervae
611 965 744 1036 lactum,
761 966 812 1041 cuj
820 981 856 1024 us
869 967 901 1025 et
917 965 1057 1040 speciem
1073 963 1173 1023 radiis
1189 963 1324 1038 l'ulgen-

430 1084 494 1142 tem
510 1096 636 1141 summa
660 1081 691 1138 in
704 1095 781 1139 arce
797 1081 1025 1155 suspexerant,
1045 1079 1192 1151 imnis,
1215 1079 1327 1137 omui-

429 1197 490 1257 bus
503 1195 746 1271 gratulantibus
759 1196 845 1273 quod
862 1195 988 1255 tamdiu
1003 1193 1171 1254 habuisset
1190 1194 1326 1254 domes·-

430 1316 530 1376 tieum
546 1329 679 1381 numen,
702 1312 803 1371 risum
819 1311 872 1370 vix
888 1326 1092 1386 compescere
1112 1312 1252 1385 poterat,
1285 1315 1326 1372 ut

429 1445 501 1504 quae
516 1429 681 1487 amantem
692 1428 847 1501 juvenem
862 1425 894 1484 in
909 1423 1234 1499 liguram'lritonidis
1251 1440 1326 1484 cre·

432 1545 508 1604 dulc
524 1543 611 1616 vulgi
628 1557 758 1602 rumore
774 1556 968 1601 conversum
984 1539 1120 1612 videret,
1147 1555 1252 1615 neque
1265 1556 1324 1600 er-

433 1675 506 1719 rore
522 1658 662 1719 liberare
677 1657 804 1718 nescios
825 1656 972 1716 auderet.

474 1772 561 1834 Idem
578 1773 617 1832 de
637 1773 758 1832 virtute
771 1772 836 1832 diei
851 1772 957 1848 potest
972 1787 1069 1847 quam
1087 1771 1205 1849 ubique
1234 1787 1324 1832 sem-

429 1906 487 1964 per
503 1889 661 1958 eamdem‚
679 1889 712 1948 et
726 1888 787 1947 sihi
804 1890 1010 1948 constantem
1039 1904 1121 1958 esse,
1143 1889 1194 1948 his
1207 1887 1323 1947 verbis

431 2006 529 2078 negat
543 2001 714 2064 Barclaius
737 2017 743 2060 :
781 2029 794 2058 ι
820 2001 930 2062 Multae
949 2002 1088 2062 virtutes
1112 2003 1146 2061 in
1162 2002 1240 2062 viiia
1262 2002 1323 2061 de-

430 2121 601 2194 generant,
614 2121 645 2178 et
657 2117 741 2194 quod
758 2118 861 2191 magis
877 2123 936 2188 est,
961 2134 1046 2194 saepe
1062 2119 1175 2178 videas
1184 2119 1319 2178 eosdem

433 2235 581 2322 affectus,
598 2251 655 2311 pro
671 2236 852 2310 temporum
864 2238 962 2305 sorte,
980 2235 1217 2295 nuncrirtutes
1232 2250 1320 2304 esse,

435 2368 523 2415 nune
547 2352 641 2411 vitia.
662 2373 677 2405 »
704 2349 843 2410 Pulchre
864 2349 990 2426 quidem
1005 2348 1138 2422 dictum,
1163 2349 1219 2410 sed
1232 2351 1322 2426 quod

433 2487 506 2530 cum
529 2469 745 2543 scepticorum
780 2455 1120 2543 praeceptis'nonnihll
1148 2482 1323 2527 commune

433 2586 561 2646 haheat.

472 2694 521 2759 hd
536 2713 705 2769 summam,
727 2715 791 2759 non
807 2699 952 2775 estquod
968 2699 1069 2759 multa
1082 2715 1124 2759 ex
1142 2702 1324 2774 Arpenide

437 2817 656 2890 excerpantur
677 2814 745 2874 sive
769 2815 801 2873 in
817 2814 1004 2888 religionem
1038 2813 1323 2890 philosophiamve

431 2930 570 2992 Barclaii
586 2929 813 2991 illustrandam
828 2929 1011 3005 protutura,
1028 2931 1096 2988 sive
1107 2929 1324 3006 quibuscom-

427 3047 535 3106 munis
566 3046 712 3105 omnium
740 3043 877 3104 scientia
902 3046 1072 3118 augeatur.
1108 3043 1180 3104 Non
1201 3045 1323 3131 desunt

433 3167 541 3224 tamen
570 3161 749 3232 concinnae,
782 3162 879 3236 atque
904 3175 922 3236 p
943 3159 1156 3236 philosophiae
1184 3161 1321 3221 moralis

434 3281 538 3355 parte,
555 3278 664 3353 petitae
677 3276 859 3347 sententiae,
870 3275 924 3334 sed
941 3292 1013 3352 qnae
1026 3277 1129 3350 magis
1143 3275 1319 3336 verborum

434 3393 616 3468 splendore,
646 3408 739 3468 quam
763 3407 873 3452 rerum
889 3393 1034 3452 novitate
1047 3392 1189 3478 valeant.
1205 3391 1319 3464 Qualis

434 3511 466 3567 et
485 3508 576 3568 locus
596 3509 656 3568 iste
682 3525 744 3584 quo
757 3507 957 3584 principibus
977 3509 1173 3585 peculiarem
1198 3508 1316 3568 condi-

434 3622 555 3682 tionem
570 3625 612 3692 et,
631 3624 666 3682 ut
681 3624 726 3683 ita
746 3622 862 3692 dicam,
877 3603 1134 3686 tractabiliorem
1146 3625 1315 3686 conscien-

332 3763 334 3768 ·
434 3736 513 3796 tiam
536 3735 642 3796 inesse
662 3735 870 3798 declaratur:
