2940 5230
393 713 476 760 uuo.
499 711 650 758 erectam
670 713 744 756 vrri
995 701 1023 780 'l

131 859 192 919 que
204 843 285 902 bene
294 857 472 914 cessuram,
484 846 580 920 atque
590 844 860 916 deprecationis
873 831 1022 900 alteram

131 960 256 1034 partem
279 959 440 1018 exaravit.
457 958 617 1019 Lutetiam
632 957 747 1018 deinde
765 957 910 1032 petiitet
927 958 1013 1032 post-

130 1089 227 1150 quam
242 1073 343 1132 iiliam
357 1073 529 1149 quaestoris
543 1071 713 1148 cujusdam
732 1071 856 1130 militiae
869 1069 1010 1144 gallicae*

98 1207 101 1212 ·
128 1203 266 1250 uxorem
282 1187 432 1258 duxerat
455 1187 488 1247 iu
502 1186 652 1261 Angliam
669 1201 703 1246 se
723 1184 872 1245 contulit.
890 1184 1013 1257 Quibus

88 1275 94 1286 ⁸
128 1303 239 1382 aulem
249 1301 394 1362 consiliis
408 1300 565 1362 Jacobum
575 1317 684 1376 regem
692 1302 813 1379 iterum
826 1299 923 1359 adire
939 1299 1011 1362 des·
1107 1293 1110 1304 '

128 1419 293 1490 linaverit,
311 1434 415 1494 quove
439 1417 607 1494 dignitatis
622 1417 726 1493 gradu
745 1417 857 1483 decem
880 1416 1017 1478 circiter

127 1551 231 1596 annos
246 1535 330 1610 apud
346 1549 419 1595 eum
444 1533 579 1608 degerit,
600 1549 666 1595 non
687 1533 768 1594 satis
784 1534 927 1594 constat.
954 1531 1010 1592 Iu-

128 1652 237 1710 certus
252 1649 382 1726 quidam
401 1649 551 1725 scriptor,
576 1649 627 1709 cui
649 1649 758 1709 nescio
775 1663 818 1708 an
843 1648 922 1708 tides
943 1665 1012 1708 om·
1112 1700 1117 1708 .

126 1766 203 1825 uino
229 1764 412 1826 adhihenda
434 1765 487 1836 sit,
502 1764 650 1824 narravit
669 1763 866 1835 Barclaium,
893 1761 1010 1824 Jacohi

126 1877 351 1940 munificentia
365 1881 537 1954 exceptum
553 1878 635 1938 etin
654 1878 739 1937 lecta
764 1876 919 1936 nobilium
934 1892 1011 1936 cen-

125 1993 213 2054 turia
233 1993 288 2069 qui
309 1993 396 2066 regio
425 1961 573 2052 conclavi
601 1991 768 2067 praeerant
786 1991 1007 2060 constitutum,

126 2110 224 2186 hujus
239 2109 369 2169 nomine
382 2109 423 2169 ad
443 2108 645 2185 Rodolphum
665 2108 895 2184 imperatorem
910 2109 1009 2184 atque

126 2224 167 2284 ad
181 2223 425 2286 Emmanuelem
440 2222 652 2284 Philihertum
664 2222 875 2297 Allobrogum
890 2222 1005 2282 ducem

125 2339 304 2415 legationes
322 2339 452 2411 obiisse,
469 2339 546 2399 dum
570 2339 771 2414 Erythraeus,
790 2338 844 2414 qui
865 2352 943 2398 sane
967 2337 1007 2398 de

125 2455 345 2518 Barclaiivita
365 2455 609 2546 accuratissime
625 2454 790 2527 disseruit,
809 2469 883 2514 eum
902 2455 936 2514 in
953 2455 1006 2513 in-

124 2574 237 2634 timam
262 2573 417 2649 principis
443 2571 699 2633 familiaritatem
729 2570 933 2646 perductum,
964 2570 1006 2630 ab

124 2689 269 2766 epistolis
281 2693 313 2752 et
325 2690 535 2751 consiliorum
546 2688 691 2750 omnium
707 2686 897 2763 participem
912 2686 1006 2748 liabi-

129 2806 197 2864 tum
220 2805 319 2864 luisse
344 2803 566 2876 soluflauctor
580 2804 639 2863 est.
659 2801 743 2874 Quin
759 2801 857 2862 etiam
873 2799 1006 2862 fuerunt

125 2913 179 2986 qui
194 2903 389 2970 tradiderint
406 2908 576 2978 Jaoohum,
588 2907 730 2969 Barclaii
745 2912 816 2968 arte
835 2924 941 2976 usum,
963 2908 1004 2969 ab

125 3024 181 3084 illo
207 3024 364 3084 auxilium
389 3023 565 3099 sumpsisse
591 3023 627 3082 ut
649 3021 758 3082 libello
781 3021 908 3082 cuidam
933 3037 1005 3084 ase

126 3138 247 3214 scripto
265 3139 446 3198 extremam
469 3152 602 3196 manum
624 3137 820 3212 imponeret.
850 3135 923 3212 lpse
944 3152 1004 3198 au-=

126 3257 190 3316 tem
215 3253 383 3314 Barelaius
417 3252 450 3310 in
487 3249 624 3328 epistola
657 3250 857 3310 dedicatoria
887 3253 1003 3311 Icopts

125 3365 323 3429 animorum
338 3382 372 3426 se
385 3367 434 3426 sui
449 3365 538 3439 regis
563 3363 775 3423 domesticum
795 3362 947 3438 appellat,
969 3365 1003 3422 et

126 3499 224 3559 quum
243 3483 275 3542 in
295 3482 451 3560 prooemio
478 3479 551 3540 libri
576 3481 626 3540 cui
656 3479 769 3539 titulus
799 3481 998 3539 Puroeaeots

163 3750 170 3784 ¹
187 3755 277 3805 liiclel
291 3755 457 3813 Dehonnuirc,
472 3757 584 3804 tresorier
603 3755 647 3804 des
661 3754 754 3803 vieilles
768 3751 872 3803 bandus.
902 3795 906 3802 .
