2940 5230
305 731 345 771 nu
371 731 412 770 nn
439 727 581 772 rourrrcn
607 731 641 772 nr
666 728 827 770 inermos
971 719 1008 774 td

115 862 256 922 tributis
272 860 453 920 indicendis
478 861 669 932 auctoritas,
686 861 793 934 stupet
812 860 1005 920 Poliarchus

115 966 244 1030 tiberis
267 967 377 1041 regnis
392 968 555 1038 assuetus,
572 969 603 1026 et
624 965 813 1041 llyanisben
832 966 1007 1026 veliemen-

115 1087 175 1143 ter
190 1082 326 1158 impellit
341 1085 376 1141 ut
398 1083 551 1142 excutere
566 1081 734 1141 annitatur
750 1081 879 1157 pessimi
906 1081 1006 1141 moris

111 1201 260 1273 jugum,
296 1214 359 1276 quo
386 1199 590 1272 sceptrorum
614 1197 753 1258 tiberias
772 1197 1006 1270 adstringatur.

119 1313 283 1395 Quaenam
295 1313 337 1372 sit
353 1312 408 1372 illa
420 1313 566 1385 libertas,
582 1329 678 1389 qnam
694 1313 859 1373 absentem
872 1313 905 1371 in
919 1312 1009 1372 Mau·

118 1431 247 1490 ritania
271 1429 419 1506 requirit,
455 1429 589 1489 eil'usius
624 1432 703 1501 tum,
731 1430 912 1490 incredibili
933 1446 1011 1506 qua-

120 1546 200 1605 dam
220 1543 394 1606 verborum
416 1544 559 1615 licentia,
589 1545 743 1620 explicat.
766 1545 848 1619 Quid
870 1546 1009 1621 populus

121 1663 193 1738 pati
218 1663 320 1736 possit
343 1639 550 1733 tentandum,
582 1663 708 1734 edocet,
730 1677 849 1737 magno
877 1664 1007 1740 quidem

110 1780 229 1856 ripsius
247 1779 354 1855 populi
377 1780 558 1843 commodo,
576 1780 628 1838 cui
645 1795 733 1855 saepe
757 1780 917 1840 libertatis
936 1781 1009 1840 illu-

123 1895 207 1955 serit
221 1893 345 1957 umbra.
367 1897 400 1954 et
417 1894 581 1968 tyrannici
607 1894 734 1972 imperii
748 1909 871 1954 arcana
886 1894 1008 1954 diserte
1046 1935 1049 1940 -
1147 1904 1149 1910 ’

124 2010 259 2084 detegit,
283 2025 420 2086 quorum
447 2025 572 2070 somma
601 2012 650 2070 est
672 2011 780 2069 omnia
804 2010 891 2082 regi,
913 2009 1022 2068 modo·

123 2125 231 2188 bonus
244 2127 296 2196 sit,
314 2124 424 2196 licere,
441 2127 476 2185 ut
492 2125 683 2200 populorum
697 2125 828 2185 utilitati
844 2123 1005 2184 consulat,

124 2239 381 2300 Innumerabilia
394 2241 498 2308 mitto,
519 2241 552 2299 et
573 2239 717 2322 ejusdem
739 2238 935 2298 insulsitatis
955 2251 1010 2296 ar·

121 2359 295 2432 gumenta,
310 2355 425 2432 quibus
439 2357 465 2415 si
476 2356 546 2431 quis
559 2354 699 2416 imbutus
716 2355 813 2415 luerit
827 2351 1008 2413 imbecillus

126 2473 292 2550 princeps,
313 2487 375 2548 quo
401 2471 571 2532 delabatur
601 2473 680 2531 satis
705 2471 867 2547 superque
895 2470 1007 2530 notum

126 2593 188 2650 esi.
225 2577 461 2661 ignoscendum
491 2589 601 2646 tamen
626 2586 777 2646 Barclaio
805 2601 811 2644 :
839 2571 878 2645 de
900 2599 1003 2658 regno

126 2705 231 2780 deque
268 2717 343 2776 rege
378 2718 451 2762 cum
493 2700 603 2760 multis
641 2703 819 2777 amplisque
847 2699 1003 2776 temporis

127 2822 179 2882 sui
209 2819 422 2894 scriptoribus
449 2836 512 2879 non
529 2819 751 2890 dissentiebat,
773 2819 897 2878 scilicet
918 2835 1010 2878 sum-

128 2953 214 2998 mam
238 2937 455 3011 divinitusque
474 2935 657 2995 institutam
683 2936 874 3007 potestatem
902 2934 1010 2994 inesse

127 3054 213 3127 regi,
237 3053 269 3112 et
295 3051 384 3110 illum
406 3050 532 3110 arbitrii
558 3050 607 3108 sui
636 3051 740 3110 toturn
768 3063 851 3107 esse.
878 3046 956 3120 Quae
982 3048 1009 3112 sl

128 3173 302 3248 praecepta,
318 3169 433 3245 quippe
459 3167 592 3226 nimium
608 3166 836 3242 antiquitatem
857 3164 1010 3224 redolen*

128 3289 186 3360 tia,
204 3287 300 3346 alicui
327 3285 457 3344 minime
489 3284 656 3360 placeant,
689 3281 869 3342 rectissime
889 3296 909 3340 a
931 3279 1010 3339 Bar-

130 3403 213 3464 claio
239 3400 428 3460 conclusum
451 3399 565 3458 saltem
587 3396 752 3469 fatebitur,
777 3398 810 3458 in
827 3397 866 3455 iis
880 3412 954 3472 quae
969 3395 1011 3456 de

130 3536 232 3596 regno
244 3519 326 3580 bone
340 3516 599 3577 administrando
618 3515 792 3577 monuerit.

172 3636 275 3710 Quum
292 3636 457 3695 enimvero
476 3635 508 3693 in
523 3633 585 3694 lroc
599 3633 764 3694 laboraret
780 3631 1004 3709 praesertimui

131 3754 340 3813 factiosorum
362 3750 556 3826 multiplices
577 3751 665 3810 artes
679 3752 867 3826 exponeret,
885 3763 1013 3824 qnoque
