2940 5230
414 735 454 776 nu
474 737 497 777 r.
521 735 671 779 sanciam
691 702 765 778 vrrn
1016 729 1032 781 5

148 866 325 937 verterent,
339 877 467 925 ornnem
478 865 636 928 dederunt
651 857 783 942 op'eram
796 866 872 926 utin
886 884 944 928 suo
957 884 1031 929 eum

148 997 284 1045 numero
298 979 468 1041 haherent.
485 980 570 1042 Huic
583 983 718 1048 consilio
733 984 837 1059 pater,
850 985 920 1059 jam
935 986 1032 1046 antea

144 1095 280 1155 Jesuitis
293 1096 427 1172 propter
437 1094 602 1169 dignitatis
618 1097 766 1172 titulique
778 1099 947 1172 cujusdam
955 1114 1032 1158 con-

144 1209 321 1270 tentionem
332 1209 487 1282 intensae,
497 1209 631 1281 obstitit,
643 1212 842 1288 istorumque
853 1214 1031 1275 inimicitiis

146 1323 317 1384 lacessitus
348 1324 381 1382 in
396 1324 546 1399 Angliam
568 1341 603 1386 se
623 1326 774 1386 conterre
786 1327 942 1388 decrevit.
960 1327 1032 1387 Ma-

145 1454 210 1514 gna
233 1439 374 1499 enimin
402 1455 460 1516 spe
486 1443 557 1501 erat
576 1441 661 1518 apud
679 1441 838 1503 lacobum
860 1458 981 1518 regem,
999 1446 1032 1503 et

146 1553 251 1628 ipsum
271 1570 336 1614 non
356 1555 564 1628 ineruditum,
576 1557 684 1618 locum
697 1556 791 1617 bonis
806 1557 931 1618 artibus
946 1557 1030 1618 sore.

145 1665 217 1728 Non
242 1669 381 1744 primunr
406 1674 543 1731 eventus
567 1669 607 1730 G.
634 1671 820 1732 Barclalum
839 1671 1029 1732 falsumne-

145 1785 232 1858 buit;
259 1802 374 1864 nempe
400 1787 563 1850 immerito
584 1787 653 1862 regi
674 1787 798 1849 Jacoho
819 1788 947 1848 crimini
976 1788 1031 1848 da-

145 1904 236 1962 retur
265 1903 350 1979 quod
379 1918 445 1962 non
478 1903 615 1963 comiter
645 1902 732 1961 inter
757 1901 1031 1962 familiarissimos

142 2017 412 2096 jurisconsultum
427 2017 606 2092 exceperit.
626 2015 693 2077 lmo
709 2018 824 2077 contra
840 2032 901 2077 rex
917 2032 990 2077 eum
1011 2030 1032 2078 a

144 2133 278 2196 secretis
300 2147 371 2192 esse
382 2133 492 2206 jussit,
509 2130 584 2194 licet
597 2132 668 2207 lege
682 2131 843 2194 sancitum
859 2132 974 2194 fuisset
990 2149 1031 2194 ne

145 2247 217 2323 quis
232 2247 331 2322 hujus
353 2245 520 2322 religionis
540 2246 660 2318 fautor,
677 2246 729 2306 cui
746 2246 908 2308 constanti
923 2246 1030 2307 studio

145 2362 251 2422 luerat
275 2360 435 2432 addictus
456 2362 518 2422 lroc
542 2359 744 2437 amplissimo
769 2376 903 2424 munere
921 2360 1031 2437 lunge·

3 2541 4 2544 ,
75 2565 76 2568 ¹
144 2478 245 2539 retur.
269 2476 359 2536 Adde
379 2476 463 2552 quod
487 2475 526 2536 G.
543 2475 684 2538 Barolaii
709 2476 796 2536 filius
825 2477 968 2552 regalem
984 2476 998 2536 s
1016 2511 1030 2521 -

143 2609 257 2655 vorem
283 2594 316 2653 et
343 2593 534 2668 captaverat
552 2594 585 2654 et
609 2591 668 2654 sibi
692 2591 925 2654 conciliaverat
943 2592 1028 2669 quod

144 2707 315 2779 iacobum,
335 2723 454 2767 novum
476 2707 693 2782 principatum
720 2707 1027 2783 inchoantempoe-

147 2824 232 2883 mato
249 2821 474 2882 celebraverat
500 2823 533 2882 et
561 2820 679 2881 librum
704 2837 808 2893 suum,
831 2821 884 2897 qui
905 2821 1026 2882 dicitur

144 2940 365 3010 Euphormto,
390 2937 488 3011 regis,
506 2937 558 2997 cui
572 2936 698 2996 dicatus
706 2935 1028 3011 suerat,patrocinio

144 3052 306 3114 tuebatur.
327 3018 527 3111 Excellentis
540 3049 661 3124 ingenii
676 3064 751 3127 spes
766 3051 798 3109 et
820 3047 945 3109 tructus
955 3051 1025 3125 jam

143 3167 264 3229 maturi
278 3167 359 3227 adeo
375 3145 470 3240 grata
483 3163 573 3225 fuere
590 3164 726 3244 principi
748 3165 783 3223 ut
798 3163 937 3238 Jusserit
951 3179 1029 3240 poe-

146 3287 211 3344 tam
226 3282 336 3344 omnia
351 3295 477 3342 summa
489 3293 632 3356 sperare,
657 3278 830 3339 dummodo
846 3278 936 3352 regia
960 3295 1026 3339 non

145 3397 320 3473 emigraret
331 3412 374 3458 ex
383 3396 470 3459 aula.
487 3382 608 3456 Verum
628 3395 732 3470 pater,
754 3394 902 3454 metuens
925 3409 965 3486 ne
976 3395 1030 3468 ju-

146 3505 251 3570 venis,
266 3504 300 3563 in
314 3503 410 3563 aetate
425 3501 550 3562 lubrica
574 3516 666 3561 novae
682 3499 849 3576 religionis
861 3499 1028 3560 blanditiis

150 3620 264 3693 captus
289 3634 308 3680 a
336 3617 476 3695 pristina
501 3616 564 3676 fide
585 3615 792 3683 descisceret,
813 3614 900 3675 hunc
922 3631 1031 3675 secum

150 3733 182 3792 in
210 3732 350 3792 Galliam
373 3732 521 3792 abduxit.
552 3729 623 3790 lluc
646 3730 813 3802 advectus,
831 3731 1032 3806 exspectavit
