2974 5222
490 719 524 770 66
704 724 744 766 us
768 725 792 766 t.
819 723 969 766 sturmin
990 723 1155 768 incurius

489 855 639 918 dubitare
663 853 818 930 incipient
840 855 879 914 de'
908 869 967 914 suo
989 853 1106 925 cilicio,
1121 853 1148 912 si
1162 857 1195 914 et
1209 851 1367 913 videberis
1466 937 1468 950 ‹

487 971 668 1034 deliberare
682 985 724 1030 an
740 969 870 1045 impune
893 969 997 1044 possis
1016 967 1147 1030 offendi.
1164 968 1252 1029 Tunc
1265 971 1368 1030 niten-
1467 1029 1468 1040 ,

486 1089 573 1155 dum.
598 1103 638 1148 ne
661 1085 773 1148 timida
805 1085 997 1146 remissione
1029 1084 1202 1160 spirituum
1230 1083 1370 1144 videaris
1467 1081 1468 1120 ³

487 1207 620 1266 istorum
650 1207 831 1278 temporum
858 1199 990 1265 oblitus,
1021 1201 1080 1260 aut
1104 1201 1233 1260 veniam
1263 1202 1372 1276 petere
1467 1231 1468 1288 5

485 1319 637 1382 exstincti
653 1315 847 1376 liristllenis
865 1314 1059 1374 Consentias
1071 1329 1145 1373 cum
1161 1313 1282 1389 impetu
1296 1315 1371 1386 istc,

486 1439 522 1496 ut
558 1439 632 1494 tuus
667 1447 739 1492 esse
768 1429 876 1507 potius
905 1429 1055 1490 videatur
1088 1444 1186 1506 quam
1224 1429 1374 1489 sortunae.
1467 1463 1468 1508 3

486 1549 632 1612 Fmdrru.
666 1547 761 1622 leges,
787 1547 894 1622 pacta,
924 1561 998 1606 cum
1025 1547 1152 1606 armato
1179 1545 1291 1606 rebelli
1313 1561 1373 1606 nec
1467 1509 1468 1530 Χ

485 1663 573 1726 nudi.
589 1661 695 1724 linum
711 1663 754 1723 sit
768 1661 937 1738 poenitenti
950 1661 1141 1740 remedium,
1159 1662 1187 1720 si
1201 1661 1370 1738 supplicet,

486 1781 512 1842 si
529 1779 738 1858 supercilium
769 1781 878 1854 ponet.
901 1779 927 1838 si
957 1793 992 1838 se
1018 1780 1203 1838 etecusam
1228 1779 1370 1838 damnet.

487 1896 646 1960 Lenitutis
668 1899 733 1957 ture
755 1895 818 1955 erit
839 1895 887 1956 sic
913 1895 1092 1970 composito
1108 1895 1289 1969 indulgere
1307 1895 1373 1954 nisi

486 2013 580 2074 nitnis
603 2011 785 2088 perniciose
811 2011 983 2080 erraverit,
1000 2013 1057 2070 aut
1084 2011 1116 2068 in
1144 2011 1372 2072 necessitatem

485 2127 647 2190 distulerit
679 2127 878 2204 poeliitentiae
911 2126 1048 2185 larvam.
1085 2124 1148 2186 Sed
1176 2125 1308 2200 ignosce
1333 2144 1374 2188 ea

486 2243 567 2318 lupe,
602 2245 636 2304 ut
663 2241 785 2320 aliquid
812 2242 874 2318 ipsi
907 2243 938 2300 in
969 2241 1125 2302 mulctam
1159 2242 1304 2302 decedat,
1338 2243 1372 2304 Si

486 2361 716 2440 prorinuinmu
734 2363 764 2422 te
780 2358 887 2430 lauet,
902 2361 1028 2435 partem
1043 2375 1084 2418 ex
1097 2374 1136 2418 ea
1152 2359 1259 2419 deliba
1274 2375 1372 2436 quem

485 2477 580 2540 citeri
597 2477 727 2548 trndns;
745 2475 773 2538 si
786 2489 879 2536 arces
893 2477 951 2535 aut
966 2489 1054 2546 suas,
1066 2475 1122 2534 aut
1136 2475 1254 2549 regiae,
1269 2491 1370 2535 unam

485 2607 527 2654 ex
553 2593 592 2652 ils
620 2591 738 2652 t'uturec
760 2592 835 2654 lldei
860 2593 975 2668 pignus
1002 2607 1095 2668 cape.
1126 2591 1370 2652 Timebuntalii

485 2705 588 2784 spolia
600 2707 678 2766 dare
694 2707 734 2766 ud
748 2707 872 2782 regiam
887 2721 1013 2782 gazam,
1030 2707 1186 2783 quincue
1205 2709 1370 2769 contrario

485 2821 627 2898 votosms
644 2820 758 2891 iteres,
774 2821 959 2900 praesidium
981 2822 1102 2883 audent
1115 2821 1148 2881 in
1161 2823 1267 2908 pretia
1280 2825 1369 2900 pacis
1466 2873 1467 2892 ,

484 2939 631 3018 exigere.
652 2941 737 3000 l'nve
750 2939 859 3000 nutem
880 2937 959 2998 dare
981 2938 1041 2999 hos
1055 2953 1130 2998 reos
1151 2937 1300 3014 precibus
1313 2955 1370 3001 cn·
1466 2909 1467 2946 ³

484 3061 669 3134 gnatorum,
684 3056 738 3133 qui
768 3053 853 3132 apud
880 3057 912 3114 te
931 3054 970 3114 in
995 3053 1067 3114 illos
1084 3054 1265 3114 militarint.
1289 3055 1369 3116 Nem

488 3175 545 3236 uix
567 3171 632 3234 ulle
651 3170 817 3244 vulgarior
832 3169 922 3230 fraus
938 3171 999 3240 est,
1020 3185 1118 3246 quam
1133 3170 1270 3230 istorum
1285 3174 1367 3248 opti-

485 3292 620 3356 matum.
640 3303 704 3348 nou
728 3287 848 3360 studio,
866 3301 931 3348 non
951 3302 1028 3346 vero
1043 3285 1173 3356 affectu,
1190 3287 1247 3346 sed
1273 3287 1367 3348 veluti

484 3403 649 3468 sordibus.
686 3419 728 3466 se·
756 3403 788 3464 in
819 3402 958 3464 adversa
991 3401 1205 3464 dividentium
1246 3405 1364 3464 eastra.

482 3511 625 3580 Fratres,
642 3510 769 3580 aflines,
798 3507 973 3586 patrueles,
1003 3509 1055 3570 hic
1076 3512 1192 3586 prote,
1216 3508 1270 3572 ille
1293 3526 1360 3571 cum

484 3622 740 3686 factiosisstebit
753 3639 763 3700 3
776 3623 818 3682 ut
836 3621 974 3682 victoria
994 3624 1051 3684 aut
1065 3623 1178 3685 surore
1197 3623 1230 3684 in
1246 3625 1358 3685 utram·

484 3737 562 3800 libet
578 3737 739 3804 fortunam
768 3738 875 3798 securi
890 3737 966 3800 sint.
990 3737 1058 3800 Hos
1080 3742 1111 3802 te
1135 3740 1277 3802 maxime
1297 3757 1363 3802 sus-
