2940 5230
490 713 524 764 Ὠ
708 719 751 760 ott
768 717 781 758 J
787 745 793 758 .
815 712 965 758 BARCLMI
985 709 1153 752 ARGENID!

490 851 540 911 dri
556 851 655 910 tiliam
669 847 831 923 totiusque
846 847 938 920 regni
962 843 1129 914 heredem,
1145 843 1178 901 in
1194 842 1394 902 violentum

489 966 676 1042 conjugium
692 979 808 1039 rapere
825 961 948 1024 trustra
970 961 1105 1022 adortus
1129 965 1191 1030 est,
1212 963 1259 1028 et,
1279 975 1394 1036 quum

490 1083 632 1145 factione
647 1081 882 1158 clientibusque
897 1079 1033 1148 valeret,
1049 1077 1145 1136 civile
1165 1075 1294 1135 bellum
1311 1091 1393 1133 me-

489 1199 613 1259 ditatus
635 1199 698 1267 est,
714 1195 903 1268 Oloodem0,
920 1193 1107 1266 Eristhene‚
1132 1191 1394 1268 Menocritoque

490 1313 728 1390 praecipuarum
758 1310 1000 1386 provinciarum
1031 1311 1215 1389 rectoribus
1238 1327 1320 1370 cum
1349 1327 1392 1370 eo

489 1423 778 1488 consentientibus.
803 1423 896 1486 Circa
924 1425 1149 1488 lleleandrum
1174 1443 1254 1487 vero
1284 1429 1389 1502 pauci

489 1543 585 1602 erant
598 1543 631 1600 et
652 1541 743 1601 laevis
760 1541 950 1618 aversisque
964 1543 1095 1604 animis.
1109 1543 1249 1603 Juvenis
1264 1545 1389 1602 tamen

490 1661 524 1718 et
537 1659 693 1718 externus
706 1657 856 1732 princeps
869 1655 1072 1731 Poliarclrus,
1083 1656 1254 1732 Argenidis
1263 1671 1388 1716 amore

491 1773 618 1848 captus,
634 1787 669 1832 se
692 1769 873 1831 Meleandri
901 1772 1047 1848 partibus
1065 1773 1236 1847 junxerat.
1260 1769 1321 1830 Cui
1348 1787 1386 1830 se

491 1887 615 1948 socium
624 1887 796 1947 addiderat
806 1887 1076 1960 Archombrotus,
1086 1888 1238 1964 prinoeps
1251 1889 1285 1947 et
1295 1859 1383 1963 ipse,

490 2010 524 2068 et
537 2023 615 2069 mox
634 2007 747 2068 rivalis
763 2007 904 2070 iuturus.
928 2009 1007 2070 Post
1020 2009 1182 2070 incertum
1203 2007 1237 2066 in
1263 2005 1382 2066 Gelois

492 2124 616 2202 campis
634 2120 783 2198 praelium
809 2121 1009 2198 Lycogenes,
1031 2123 1220 2198 pervarias
1242 2120 1381 2181 fallendi

491 2241 593 2309 artes
617 2236 790 2298 Poliarclro
817 2236 1046 2314 perduellionis
1073 2253 1129 2300 reo
1147 2236 1380 2298 necessitatem

492 2351 629 2430 imponit
655 2353 690 2412 ut
713 2350 853 2412 salutem
879 2351 912 2410 in
939 2353 1066 2422 exsilio,
1084 2368 1150 2413 non
1172 2351 1380 2424 sinemagno
1447 2405 1448 2424 .

490 2467 662 2542 Argenldis
679 2466 801 2537 dolore,
819 2470 954 2543 quaerat,
965 2483 1142 2545 pacemque
1155 2469 1217 2529 sihi
1230 2483 1380 2529 commo·
1447 2441 1448 2450 ἵ

491 2583 599 2645 dama
621 2581 807 2644 Meleandro
823 2581 958 2644 obtinet.
976 2584 1019 2644 At
1028 2583 1233 2657 Poliarchus‚
1249 2587 1378 2660 sumpto

491 2697 721 2776 capillamento
752 2702 784 2760 et
805 2701 895 2760 veste
923 2673 1084 2774 degenere
1112 2703 1235 2774 tectus,
1264 2702 1377 2763 tanum

493 2811 647 2883 Palladis,
660 2815 755 2889 cujus
769 2813 836 2872 aris
848 2815 942 2889 pater
954 2814 1151 2890 Argenidern
1172 2816 1374 2893 praefecerat.

493 2926 633 3005 puellam
646 2941 836 3002 supremum
849 2927 1016 2990 invisurus
1031 2928 1129 3000 subit,
1142 2933 1240 3006 atque
1250 2929 1291 2990 ad
1303 2945 1374 2990 eam

491 3047 662 3110 lustralem
699 3060 825 3107 ramum
863 3047 1072 3110 venientibus
1109 3047 1370 3124 protendentem.

492 3164 613 3240 gradus
626 3163 806 3239 promovet,
818 3161 894 3221 dum
909 3178 970 3224 rex
985 3165 1018 3223 et
1031 3161 1222 3239 Lycogenes
1237 3161 1371 3222 mediam

492 3275 614 3337 habent
628 3275 768 3336 hostiam
783 3276 816 3336 et
839 3289 935 3335 sacra
957 3276 1092 3337 faciunt.

534 3391 598 3454 Sed
616 3408 715 3469 quum
739 3391 832 3451 novis
858 3391 999 3451 motibus
1024 3392 1194 3453 materiam
1215 3392 1370 3468 quaereret

494 3503 692 3580 Lycogenes,
708 3504 896 3566 Meleander
915 3505 976 3564 sibi
990 3506 1089 3581 regiae
1103 3506 1270 3582 dignitatis
1282 3505 1369 3586 ultio-

494 3631 569 3678 nem
585 3617 617 3676 in
630 3619 740 3679 animo
753 3634 826 3680 esse
838 3619 895 3679 uni
907 3620 1061 3696 Argenidi
1074 3622 1222 3684 declarat
1239 3639 1246 3683 :
1263 3624 1292 3682 st
1306 3625 1367 3692 Ln-

495 3745 640 3806 copenes
662 3733 693 3793 ct
708 3734 934 3806 factiosorum
952 3741 1125 3813 praecipui
1141 3735 1244 3798 vario
1272 3750 1366 3814 nepo·
