2940 5230
472 707 488 759 2
815 713 993 756 rnooruluu
1069 677 1074 686 ’

467 859 584 907 verare
616 843 733 904 ausim.
757 841 845 902 Nulli
881 845 1002 906 tamen.
1024 843 1199 904 dummodo
1228 845 1356 904 attento

469 961 580 1022 animo
613 958 810 1034 Argenidem
840 957 1026 1033 perlegerit,
1055 957 1157 1018 nimia
1186 959 1360 1034 scriptoris

470 1077 687 1174 admiratione
713 1089 850 1150 peccare
870 1073 1017 1146 videbor,
1038 1075 1065 1134 si
1088 1075 1150 1136 hoc
1175 1091 1256 1151 opus
1283 1091 1362 1135 oon-

468 1193 600 1254 tendam
617 1207 684 1251 non
704 1189 863 1250 meruisse
884 1193 918 1249 ut
943 1206 961 1248 e
984 1192 1079 1252 tanto
1102 1192 1216 1266 gioriae
1229 1191 1363 1266 fastigio
1460 1263 1461 1268 γ

469 1301 505 1359 in
523 1300 650 1358 tantum
666 1295 888 1370 contemptum
902 1297 1016 1370 postea
1030 1295 1254 1358 descenderet.

509 1403 588 1463 Haeo
608 1401 774 1478 praeoipua
808 1401 888 1460 mihi
924 1415 1023 1461 causa
1059 1401 1120 1462 suit
1153 1419 1214 1464 our
1240 1405 1362 1467 librum

468 1519 546 1580 oiim
566 1516 827 1606 oeleberrimum,
846 1529 911 1575 non
936 1516 1009 1576 sine
1032 1517 1173 1593 quadam
1195 1519 1361 1597 voluptate

467 1609 658 1710 perlectum.
677 1630 806 1706 penitus
822 1631 1035 1704 perscrutari,
1049 1631 1185 1708 ejusque
1205 1634 1357 1706 virtutes,

471 1749 498 1808 si
514 1762 586 1824 quae
602 1746 678 1816 sint,
693 1744 727 1802 in
750 1743 858 1803 lucem
873 1742 1031 1818 proferre,
1058 1759 1246 1821 quanquam
1270 1747 1358 1808 haud
1460 1749 1461 1772 ¹

466 1862 633 1923 levissimo
656 1860 769 1920 forsan
796 1858 903 1932 impar
929 1857 1031 1929 oneri,
1042 1860 1251 1934 aggrederer.
1280 1862 1360 1923 Pre-

468 1980 549 2039 tium
564 1978 652 2039 enim
666 1991 774 2054 operae
787 1973 932 2034 futurum
944 1975 1169 2048 essejudioavi
1186 1978 1226 2050 si,
1238 1977 1359 2039 fabulae

467 2093 659 2169 ambagibus
688 2091 832 2152 breviter
857 2071 1035 2164 'expositis
1066 2091 1142 2166 quid
1180 2108 1266 2154 novo
1295 2093 1360 2154 isto

467 2210 652 2286 scriptionis
667 2221 796 2282 genere,
814 2204 1006 2278 eujusnulia
1021 2210 1098 2266 sunt
1118 2207 1202 2284 apud
1223 2208 1360 2271 Latinos

467 2324 629 2400 exempla,
646 2319 854 2400 proposuerit
866 2316 1049 2390 Barcinius,
1067 2323 1361 2398 anquirerem,sal-

469 2455 586 2516 sasque
619 2435 792 2514 Argenidis
828 2435 1122 2511 interpretationes
1153 2453 1372 2518 amoverem„

471 2551 669 2628 paucissima
691 2548 828 2626 priusde
849 2549 1019 2623 scriptoris
1032 2552 1099 2611 vita
1115 2552 1361 2631 minoribusque
1460 2561 1461 2566 ’

472 2669 601 2744 seriptis
619 2667 788 2752 praefatus,
