2940 5230
375 757 416 798 Dlt
435 758 449 800 J
453 786 459 798 .
476 757 626 802 ennoean
647 758 718 800 VITA
955 751 989 801 23

90 886 315 962 surripuisse.
330 885 399 986 H⁰⁰.
422 891 529 948 autem
548 889 758 950 venementer
776 889 845 964 ipse
861 889 991 962 negavit

95 1002 136 1062 in
166 1001 363 1078 praefatione
393 1003 467 1062 libri
495 1004 547 1065 oui
576 1005 689 1066 titulus
715 1007 913 1066 Pcrceoesis
947 1007 992 1064 ast

92 1117 293 1190 sectarios,
311 1118 496 1195 adjecitque
522 1135 557 1181 se
583 1135 750 1197 nunquam
771 1119 855 1195 apud
880 1133 992 1193 regem

97 1242 231 1302 furtivo
253 1243 305 1302 vel
338 1242 451 1302 timido
479 1259 569 1303 more
596 1242 748 1303 catholici
772 1242 834 1303 viri
856 1257 994 1303 munera
1097 1301 1101 1310 ,

98 1357 249 1428 obiisse,
274 1357 494 1434 familiamque
521 1375 650 1434 semper
678 1359 790 1421 eadem
821 1357 992 1434 disciplina

99 1472 267 1533 imbutam
280 1473 391 1546 suisse;
407 1477 593 1535 eamautem
607 1490 741 1534 causam
754 1473 917 1534 discessus
933 1473 991 1532 ila-

100 1585 221 1650 buisse
245 1607 287 1650 ne
308 1591 388 1661 nati,
405 1592 519 1667 siquis
544 1606 641 1651 casus
662 1592 769 1651 autse
795 1592 901 1666 ipsum
916 1591 992 1662 illis,

102 1708 166 1766 aut
195 1705 256 1766 sibi
281 1721 403 1780 regem·
423 1706 616 1782 eripuisset,
646 1706 797 1781 adempto
823 1706 994 1782 privilegio

104 1837 173 1898 quo
209 1824 366 1882 externus
397 1822 583 1889 frueretur,
624 1820 817 1881 britannicae
843 1821 995 1894 religioni

105 1943 229 2004 parere
256 1930 461 2002 cogerentur.
478 1928 643 1990 Praeterea
662 1927 749 1986 illius
762 1927 996 1988 conscientiam
1068 1955 1076 1971 ·

107 2034 280 2111 premebat
304 2035 399 2110 quod,
424 2034 526 2111 patris
547 2031 633 2095 edito
649 2033 743 2105 libro,
761 2035 793 2093 et
809 2033 841 2092 in
861 2047 997 2109 pravam

108 2151 238 2225 partem
271 2151 424 2226 accepto,
453 2150 600 2212 ecclesiae
634 2149 783 2210 nonnihil
810 2149 997 2210 detrimenti

109 2269 287 2329 attulisset.
309 2287 327 2328 a
350 2273 449 2330 Dolot
476 2267 597 2344 icitur,
616 2269 732 2346 inquit,
748 2269 779 2329 et
795 2272 998 2342 quodetiam

111 2392 195 2445 tuoe
207 2385 341 2458 ‚licebat
365 2407 378 2438 ι(
393 2387 501 2446 nolim
517 2385 650 2456 focium
667 2407 679 2438 »
695 2399 785 2457 saepo
800 2398 999 2445 mcoomrc-

109 2500 205 2574 petit.
222 2502 293 2560 Nec
305 2497 409 2560 citior
421 2514 612 2574 ccreoscerc
624 2495 761 2560 altimus
772 2499 880 2572 poterit
895 2514 998 2572 quom

112 2614 143 2676 si
153 2613 294 2689 pociolo
307 2617 411 2677 Scito.
421 2613 540 2676 Patris
555 2617 696 2691 offusus,
708 2619 867 2689 irataeque
874 2619 999 2688 depre-

113 2727 261 2805 cotus‚ei
275 2731 379 2791 totum
392 2746 447 2792 me
459 2735 638 2794 dedissem.
647 2735 702 2792 Mc
713 2734 878 2792 Ecclesiae
891 2733 1000 2802 [titum

103 2853 352 2914 mentitionem.
375 2849 601 2925 articulatio·
628 2851 792 2924 pietatem
817 2855 942 2922 eteberi,
968 2851 1000 2911 et

117 2967 248 3040 uotique·
261 2968 378 3028 Putris
392 2971 517 3037 oerots,
533 2982 724 3028 erroreum
738 2981 849 3040 posse,
867 2962 1001 3026 lacereti-

118 3099 193 3143 com
207 3099 279 3145 csse
302 3099 371 3146 ooo
389 3100 501 3159 possa.
527 3087 584 3145 Sto
601 3087 692 3157 coelat
718 3099 772 3144 mc
795 3081 998 3142 ottedttotom

119 3214 191 3260 rem
205 3202 385 3262 exsecutus
403 3216 491 3276 sune,
512 3200 719 3262 etsuccessit
731 3201 752 3258 ¹.
773 3222 785 3253 n
803 3198 891 3258 Nihil
903 3200 992 3258 vetat

123 3317 292 3394 quominus
310 3319 389 3378 talia
414 3319 453 3378 de
469 3333 503 3377 se
534 3315 699 3394 profitenti
719 3315 871 3375 Barclaio
900 3315 996 3374 iidem

124 3433 341 3494 adhibeamus.
373 3434 524 3492 Attamen
555 3432 654 3490 aliam
699 3430 831 3491 omniuo
867 3446 1001 3491 causam

126 3550 218 3610 luisse
242 3564 301 3608 cur
315 3548 477 3622 anglicam
503 3547 613 3606 aulam
646 3547 813 3608 desereret
836 3548 997 3623 suspicor,

165 3797 171 3826 ¹
186 3801 318 3852 Percussis
332 3803 362 3850 ad
373 3800 502 3852 Sociorios.
518 3802 610 3859 Romae,
628 3808 687 3851 ltili.
