2940 5230
321 720 362 760 ru
382 717 559 760 recemum
583 717 801 762 msrosmroua
835 695 837 698 ’
969 706 1000 760 at

89 857 182 908 sam
209 865 281 924 quae
317 850 448 908 conscia
475 849 608 908 sceleris
631 851 767 908 mortem
790 861 1001 922 praeoccupa-

88 966 222 1034 verat,
240 966 338 1040 atque
364 964 403 1022 ad
431 963 671 1023 Redirobauem
697 963 813 1022 reterri
833 961 928 1036 ¹iubet
949 963 1002 1032 fu-

93 1084 211 1167 rioso
228 1085 360 1142 homiui
379 1096 416 1140 se
435 1086 644 1153 rcspoutterc
665 1061 857 1154 ttoitposse.
877 1078 1001 1138 Deinde
1059 1049 1072 1070 ⁴

94 1198 143 1257 de
164 1198 248 1256 filiae
265 1198 372 1258 i'utura
390 1200 476 1258 sorte
502 1197 659 1260 sollicitus
686 1195 902 1264 earuuulium
926 1209 1002 1254 cou-

90 1317 225 1390 jugem
242 1312 479 1372 Archombroto
505 1312 672 1372 meliorem
697 1313 904 1370 inventuram
927 1323 1000 1394 esso

98 1430 171 1489 sibi
198 1429 384 1505 persuadet.
410 1427 494 1500 Quiri
524 1430 634 1488 autem
666 1423 828 1501 Aigentsi
856 1425 921 1484 Vix
949 1425 1000 1484 sui

98 1559 249 1618 compos
260 1547 538 1619 paternorumque
553 1541 764 1602 consiliorum
780 1541 908 1617 patiens
924 1555 1000 1615 pau

102 1661 218 1719 lutum
242 1632 406 1720 iutervaili
424 1658 566 1734 postulat
591 1674 654 1734 quo
680 1656 887 1716 Poliarclmm
903 1655 1000 1716 redu·

103 1791 184 1835 cem
200 1775 270 1836 sore
283 1775 467 1848 contiditet
479 1792 537 1850 per
549 1775 711 1846 Arsidam,
727 1775 999 1852 spectatissin'ium

106 1893 280 1960 nuntium,
297 1893 421 1974 amanti
438 1893 561 1963 scribit,
582 1893 643 1952 nisi
661 1895 747 1951 iutra
761 1863 860 1950 breve
874 1893 999 1968 tempus

106 2007 261 2078 redierit,
284 2023 319 2067 se
332 2007 558 2068 manibusuou
575 2006 713 2082 amplius
731 2007 996 2082 temperaturam.

109 2124 214 2185 Forte
245 2124 290 2184 ita
317 2123 431 2183 incidit
446 2126 480 2183 ut
509 2124 654 2192 Amidae,
688 2139 786 2198 quum
811 2121 844 2180 iu
868 2123 998 2184 etrusco

110 2241 198 2308 mari
215 2239 395 2314 navigaret,
412 2254 431 2298 a
448 2240 578 2316 Gobrya
606 2239 757 2316 quodam,
775 2220 900 2315 gallicae
916 2240 999 2313 clas-

112 2355 159 2414 sis
191 2353 356 2429 praesecto
383 2353 631 2436 humanissimO,
655 2356 692 2414 ut
727 2353 866 2426 videtur,
894 2369 998 2428 ueque
1072 2383 1076 2391 ·

112 2472 299 2532 litterarum
314 2487 495 2546 graecarum
511 2472 621 2532 nescio
638 2473 719 2542 viro,
736 2473 849 2547 captus
872 2473 904 2531 et
926 2471 998 2546 quis

114 2590 168 2657 sit,
186 2604 249 2664 quo
265 2591 328 2656 eat,
346 2589 576 2662 interrogatum
594 2588 798 2648 intervarios
814 2587 998 2662 liiiaresque

116 2720 294 2770 sermones,
317 2705 445 2778 longam
468 2720 578 2765 rerum
600 2704 790 2778 gallicarum
818 2705 937 2763 seriem
967 2706 999 2763 et

117 2827 223 2882 ortum
238 2838 414 2898 verumque
430 2837 548 2882 nomen
573 2822 734 2882 Poiiarciii
757 2825 998 2897 peropportune

118 2938 219 2998 discit.
235 2938 424 2999 Poiiiirehus
447 2939 608 3008 enimait
629 2937 789 3012 Gobryae
813 2936 998 2996 Britomart-

120 3054 200 3124 dem‚
215 3053 329 3113 Galliae
344 3064 466 3126 regem,
484 3054 620 3128 patrem,
638 3053 840 3127 matremque
861 3051 997 3109 Timau-

121 3169 208 3228 dram
223 3168 346 3229 habuit.
364 3169 442 3228 Erat
461 3170 530 3229 tum
549 3169 635 3228 inter
649 3183 801 3244 proceres
816 3166 998 3242 potentissi-

122 3300 189 3342 mus
202 3281 453 3355 Commindorix‚
470 3283 587 3359 quippe
600 3283 653 3358 qui
675 3282 760 3356 regis
782 3283 913 3341 nomine
931 3281 998 3356 ipse

122 3403 277 3474 regnaret.
306 3399 410 3472 Quum
432 3403 542 3460 autem
567 3398 755 3468 Timauum,
780 3401 901 3457 tenerae
930 3395 997 3456 uati
1086 3403 1089 3408 '

125 3503 203 3576 aetati
221 3515 315 3576 istius
336 3515 475 3576 insidias
491 3515 630 3584 timeret,
649 3529 722 3572 eum
743 3511 899 3572 meditato
912 3511 999 3570 i'urto

127 3631 248 3692 subduci
265 3632 394 3693 curavit
408 3633 440 3692 et
454 3632 571 3692 colono
597 3630 725 3696 cuidam
742 3628 998 3710 atemiumcom-

128 3747 212 3807 misit.
234 3747 318 3807 Puer
344 3762 421 3808 vero
452 3749 524 3821 post
545 3745 691 3805 diuersos
717 3760 822 3816 casus,
840 3744 924 3802 inter
948 3756 998 3802 re-
