2940 5230
242 741 280 790 un
309 745 487 790 raduanus
518 745 811 792 rnrnnrnurxmouu
933 734 968 789 lli

123 882 199 956 Quae
228 884 346 942 cuncta
372 881 500 958 aliaque
520 881 637 940 similia
662 881 771 939 utrum
799 880 968 941 Barrlaius

81 1015 288 1060 cumrerum
308 997 545 1072 significatione
559 999 697 1074 quadam
720 999 968 1072 excogitaverit,

82 1133 129 1176 an
143 1115 335 1190 simpliciter
353 1113 393 1172 ab
410 1115 450 1173 iis
466 1114 592 1175 colores
615 1116 754 1191 petierit,
770 1132 835 1176 non
863 1133 970 1194 operae
1038 1113 1041 1120 ’

83 1233 229 1309 pretium
245 1232 294 1290 est
306 1246 462 1307 quaerere.
480 1227 664 1291 Cavendum
680 1233 789 1292 tamen
809 1249 850 1292 ne
874 1234 970 1294 unius

84 1350 120 1408 et
135 1347 271 1408 alterius
283 1345 429 1406 leviculae
443 1346 811 1421 conjecturaeillecebris
826 1350 968 1425 adducti,

82 1463 242 1522 sexcenta
262 1478 361 1539 quum
374 1463 643 1538 repugnentalia‚
658 1463 697 1524 de
718 1465 814 1526 rebus
830 1467 971 1526 maxime

83 1577 222 1638 incertis
249 1579 442 1639 statuamus,
480 1577 530 1636 Ex
564 1578 759 1652 argenidaeis
788 1581 971 1641 nominibus

85 1693 248 1768 factisque
268 1708 340 1768 quae
366 1693 404 1752 ad
430 1693 600 1760 historiam
630 1689 791 1770 spectant,
814 1695 890 1766 alia,
921 1697 973 1755 vel

87 1807 302 1884 paucissima,
317 1807 509 1884 probabilia,
524 1808 587 1867 alia
603 1823 681 1867 vero
708 1823 804 1883 quam
821 1808 971 1884 plurima,

90 1924 227 1984 minime
243 1923 432 1984 verisimilia
448 1924 602 1984 aestimari
622 1926 766 2000 possunt.
786 1922 834 1983 De
858 1922 974 1999 quibus

87 2041 168 2118 quid
193 2039 364 2100 Barclaius
388 2038 539 2099 babuerit
565 2038 733 2112 inanime,
760 2038 975 2114 quaerentium

88 2173 195 2217 vanus
206 2155 300 2215 labor
314 2157 411 2227 esset,
428 2171 527 2230 quum
546 2169 587 2214 ne
609 2154 705 2213 amici
722 2155 851 2230 quidem
871 2155 973 2229 scrip·

88 2272 172 2334 toris
187 2271 251 2330 fide
268 2270 400 2345 dignum
416 2268 537 2345 aliquid
553 2269 683 2329 tradere
704 2268 775 2328 ausi
792 2269 867 2328 sint.

130 2385 213 2458 Quid
229 2385 351 2447 multa?
362 2383 435 2444 Non
448 2383 514 2455 hic,
525 2383 671 2444 utverba
686 2399 841 2459 usurpem
857 2383 976 2443 incerti

84 2499 261 2577 cujusdam
296 2499 468 2575 scriptoris
501 2499 541 2559 de
577 2502 750 2574 Arpenide
770 2499 974 2570 disserentis

89 2637 106 2669 ι
129 2615 229 2674 anxia
254 2613 488 2689 scrupulosave
519 2629 601 2688 opus
632 2615 682 2674 est
703 2614 977 2688 investigatione:

88 2730 301 2809 applicationi
324 2730 485 2790 duntaxat
501 2745 582 2790 suus
598 2732 648 2790 est
668 2730 772 2790 loeus.
795 2730 878 2791 Sunt
898 2747 977 2806 ergo

88 2863 164 2924 quae
184 2847 245 2906 boc
265 2861 363 2922 opere
387 2846 594 2906 continentur
616 2847 726 2905 omnia
750 2847 849 2906 trium
876 2863 977 2920 gene·

88 2979 177 3024 rum.
193 2960 316 3037 Nempe
332 2961 480 3037 quaedam
509 2962 599 3020 certa
615 2960 748 3020 omnino
773 2963 871 3036 atque
886 2961 979 3020 indu-

87 3076 162 3148 bia;
183 3090 284 3150 eaque
303 3073 383 3133 talia
399 3074 434 3133 ut
452 3073 598 3133 auctoris
620 3076 761 3133 mentem
785 3075 915 3149 planam
932 3075 945 3133 i
963 3107 978 3118 -

88 3191 300 3266 cantatque
315 3189 354 3249 ad
365 3203 479 3249 eorum
494 3205 566 3265 quae
577 3204 676 3264 porro
688 3189 851 3260 dicuntur,
868 3190 978 3263 cogni-

87 3310 212 3372 tionem
239 3305 348 3382 penite
378 3305 566 3381 inspecturo
599 3304 686 3364 viam
701 3291 862 3373 sternant;
889 3321 978 3380 quae·

88 3423 167 3482 dam
188 3420 286 3480 etiam
304 3419 394 3490 talia,
416 3421 453 3480 ut
475 3419 653 3495 qualiquali
677 3418 895 3495 descriptione
921 3422 979 3482 aut

89 3537 381 3604 circumlocutione
412 3555 465 3600 res
493 3517 638 3617 alioquin
666 3541 771 3612 notae,
798 3539 978 3618 quibusque

91 3663 127 3722 in
153 3659 337 3736 exemplum
360 3659 406 3719 uti
429 3660 529 3730 amat,
552 3659 670 3719 leviter
686 3662 813 3733 legana
832 3659 979 3734 quaedam

94 3743 184 3834 talia
206 3776 240 3835 ut
270 3791 312 3835 ex
335 3775 569 3850 compositione
592 3775 759 3834 nominum
776 3773 892 3834 Graeca
923 3778 980 3836 aut

828 3883 840 3926 l
