2940 5230
450 679 480 730 {0
666 689 706 731 DE
725 691 749 731 J.
771 689 920 732 uuachun
943 689 1108 732 audiamur:

447 819 560 904 oculis.
576 813 764 879 Traduntur
777 833 797 878 a
811 819 938 879 maritis
956 833 1087 884 uxores,
1101 831 1223 876 venum
1247 821 1330 876 eunt.

447 934 517 1011 ipsa
536 933 730 1003 sacerdotia,
752 932 924 1008 aerariique
940 931 1060 1008 publici
1088 929 1238 992 custodes
1255 946 1331 1006 pre·

445 1050 491 1110 tio
500 1047 847 1124 corrumpuntur,dum
859 1047 1040 1108 litterarum
1052 1045 1332 1106 sludiosissimum

445 1180 604 1242 quemque
622 1179 717 1224 nemo
731 1164 836 1224 curat.
855 1161 976 1229 lterum
992 1164 1089 1238 atque
1112 1162 1229 1224 iterum
1244 1163 1334 1223 reci-

447 1283 547 1342 tatam
565 1279 762 1340 cantilenam
780 1280 842 1340 lion
867 1293 940 1339 esse
961 1277 1047 1338 haud
1070 1276 1254 1347 abnuerim,
1271 1277 1330 1337 sed

447 1395 527 1454 adeo
543 1393 684 1454 vividam
698 1393 868 1456 Barolaius
885 1392 1058 1467 imaginem
1083 1391 1258 1452 delineavit
1280 1393 1330 1461 ut,

447 1523 518 1583 quae
537 1509 594 1569 aut
605 1507 673 1584 ipse
688 1507 808 1584 viderit
821 1510 880 1568 aut
896 1507 1048 1579 audierit,
1064 1521 1203 1567 narrare
1218 1506 1332 1566 videa-

448 1628 512 1697 tur,
533 1623 602 1684 sive
617 1622 819 1700 Olympionis
832 1622 1022 1700 Casinaequo
1034 1621 1227 1700 probrosum
1251 1637 1332 1682 con-

448 1739 581 1800 nubium
608 1739 789 1810 cavillatur,
815 1740 883 1800 sive
918 1743 1095 1800 nocturnos
1125 1739 1332 1815 grassatores

447 1853 721 1931 Euphormionem
745 1871 762 1916 e
791 1855 963 1932 pervigilio
986 1871 1059 1915 cum
1087 1853 1254 1916 sodalibus
1279 1869 1333 1914 re·

246 2047 251 2054 ,
343 2024 352 2042 x
447 1969 600 2031 deuntem
631 1970 823 2032 invadentes
851 1970 995 2031 inducat.
1027 1969 1116 2042 Quod
1146 1969 1263 2030 attinet
1288 1970 1331 2028 ad

445 2086 698 2164 Euphormionis
713 2086 903 2164 feminaeque
923 2086 1039 2148 nobilis
1055 2085 1224 2162 cujusdam
1243 2097 1332 2145 amo-

444 2215 510 2274 res,
526 2201 667 2262 simulati
690 2200 767 2274 sint,
793 2216 908 2270 necne,
925 2201 1014 2262 haud
1030 2199 1327 2279 pronuntiaverim;

382 2373 387 2382 ,
446 2316 612 2391 ingenium
639 2316 729 2376 certe
751 2313 894 2376 Barclaii
913 2315 954 2375 ad
979 2331 1087 2376 mores
1106 2315 1330 2391 depingendus

447 2431 613 2500 idoneum,
629 2433 800 2507 artemque
826 2430 1002 2491 scribentis
1023 2430 1262 2492 demonstrant.
1295 2433 1332 2495 Si

448 2546 501 2606 cui
516 2545 746 2606 Barclaianum
760 2560 897 2605 acumen
908 2561 974 2608 non
987 2547 1067 2607 satis
1080 2549 1130 2608 est
1144 2546 1328 2624 probatum,

447 2659 721 2736 Euphormionem
748 2660 921 2721 comitetur
957 2664 989 2722 ei
1019 2662 1263 2724 sollicitantium
1295 2664 1330 2723 in

447 2774 530 2836 atrio
546 2773 709 2837 Doromisi
725 2749 885 2854 (quiscuis
900 2776 962 2838 hoc
983 2779 1113 2839 nomine
1129 2776 1328 2856 designetur)

448 2892 551 2954 turbae
566 2907 638 2954 sese
648 2893 784 2954 misceat
800 2909 806 2953 :

488 3029 501 3063 a
524 3007 659 3069 Plurimi
681 3025 806 3070 mecum
835 3009 869 3070 in
896 3011 982 3070 atrio
998 3013 1102 3082 arant,
1119 3014 1151 3072 et
1176 3009 1326 3073 Doromi-

444 3131 515 3176 sum
544 3131 617 3176 cum
641 3115 794 3176 libellulis
817 3116 1035 3192 expectabant
1039 3163 1145 3177 .....
1179 3116 1221 3178 Ut
1248 3135 1329 3179 vero

443 3247 514 3292 sum
532 3230 565 3292 in
589 3230 747 3294 interiora
766 3231 954 3307 perductus
973 3233 1083 3294 omnia
1107 3247 1188 3292 auro
1216 3247 1329 3304 argen-

441 3347 539 3423 toque
557 3346 721 3408 vibrantia
749 3346 914 3434 insolitam
938 3347 1044 3408 aciem
1064 3345 1206 3407 sesellere
1230 3361 1237 3402 ι
1259 3359 1328 3404 ma-

441 3463 545 3535 jestas
567 3461 684 3523 deinde
710 3463 868 3535 locorum,
892 3464 926 3523 et
944 3462 1073 3522 animus
1094 3476 1151 3536 spe
1176 3463 1329 3538 metuque

445 3576 670 3651 perturbatus,
708 3578 859 3655 quicquid
886 3576 1067 3653 prudentia
1099 3591 1326 3653 conceperam,

447 3695 480 3753 et
507 3692 619 3764 verba,
643 3694 758 3772 pudibus
787 3696 826 3756 ad
853 3694 1058 3756 Doromisum
1086 3692 1329 3757 destinaveram
